3432 5498
945 649 1008 722 loc

412 847 642 926 describuntur.
666 857 801 931 Duobus
823 864 908 932 enim
932 868 1044 949 modis,
1066 869 1169 958 iisque
1189 873 1366 940 arctissime
1384 849 1469 941 inter
1496 895 1537 942 se

410 978 610 1062 conjunctis,
633 1005 652 1050 s
675 988 814 1054 confusis
849 994 883 1057 et
913 993 1056 1062 obscuris
1086 998 1271 1066 notionibus
1298 1000 1338 1065 ad
1367 999 1470 1066 claras
1493 1005 1533 1066 et

410 1099 576 1168 distinctas
587 1106 674 1172 ideas
685 1109 777 1177 docet
787 1117 956 1198 perveniri.
974 1118 1181 1187 ›Divisione''
1195 1123 1291 1200 enim,
1304 1124 1370 1190 sive
1383 1123 1530 1190 addendo

409 1226 521 1290 notam
543 1231 705 1314 propriam
728 1237 769 1300 ad
793 1239 957 1306 notionem
976 1265 1187 1323 communem,
1202 1246 1443 1333 distinguendas
1456 1271 1533 1315 esse

408 1351 516 1430 partes
538 1351 605 1417 sive
627 1358 746 1440 specics
780 1363 905 1442 varias,
934 1387 1016 1450 quae
1050 1369 1210 1434 communi
1239 1371 1367 1455 generis
1397 1372 1530 1438 nomine

409 1472 539 1538 confuse
563 1478 804 1549 continerentur
818 1487 1005 1555 -velutin
1028 1490 1174 1558 Phaedro
1196 1493 1238 1557 ab
1262 1492 1396 1560 honesto
1419 1517 1533 1562 amore

410 1593 557 1662 distinxit
591 1624 744 1686 pravum
779 1611 1010 1680 »collectione''
1038 1620 1145 1682 autem
1175 1611 1318 1683 sinedoci
1342 1619 1533 1707 συναγωγήν

282 1799 285 1804 ¹
409 1719 620 1806 adaequatam
639 1749 745 1794 rernm
767 1733 984 1801 definitionem
1007 1741 1142 1822 quaerit.
1168 1740 1270 1816 Quam
1287 1743 1456 1819 rationem,
1472 1766 1532 1808 eu·

406 1842 460 1925 jus
490 1844 522 1910 iu
547 1846 693 1916 Phaedro
721 1853 892 1923 declaratio
923 1861 1034 1944 paullo
1061 1863 1195 1930 fortasse
1226 1864 1391 1929 obscurior
1420 1867 1532 1932 videa-

409 1966 473 2043 tur,
496 1967 543 2032 ita
565 1969 749 2054 planissime
772 1979 806 2043 in
825 1980 953 2066 Topicis
977 1986 1116 2069 explicat
1137 1987 1281 2053 Tullius:
1306 1988 1532 2074 ›Cumsump·

407 2090 498 2169 seris,
519 2093 576 2172 ait,
599 2117 646 2176 ea,
666 2121 748 2184 quae
770 2102 836 2169 sint
858 2107 888 2170 ei
910 2109 967 2185 rei,
983 2132 1079 2194 quam
1102 2111 1233 2178 definire
1254 2112 1344 2190 velis,
1367 2135 1440 2179 cum
1455 2114 1530 2178 aliis

409 2218 611 2297 communia,
635 2244 735 2306 usque
757 2247 794 2291 oo
816 2234 1029 2316 persequeris,
1057 2234 1132 2300 dum
1158 2237 1323 2320 proprium
1351 2239 1527 2316 efficiatur,

409 2339 494 2420 quod
517 2341 640 2410 nullam
674 2347 708 2412 in
735 2350 831 2417 aliam
855 2376 923 2420 rem
946 2359 1113 2424 transferri
1136 2361 1269 2444 possit.'’
1294 2360 1329 2425 ld
1353 2361 1439 2444 quod
1461 2361 1529 2427 ola·

408 2460 534 2529 rissimo
545 2466 662 2534 ibidem
676 2475 822 2559 exemplo
833 2478 994 2545 illustrat:
1019 2482 1185 2548 Hereditas
1201 2483 1308 2569 inquit
1319 2487 1368 2549 est
1377 2487 1527 2570 monnio:

409 2606 576 2656 commune
598 2594 715 2674 adhuc,
739 2601 842 2666 multa
871 2604 955 2669 enim
986 2627 1105 2692 genera
1126 2608 1290 2692 pecuniae.
1323 2607 1413 2673 Adde
1441 2611 1529 2693 quod

410 2709 571 2793 sequitur:
595 2741 673 2804 qaae
695 2736 790 2788 morte
809 2727 940 2813 alicujus
956 2731 999 2792 od
1013 2733 1188 2816 quempiam
1205 2734 1355 2817 pervenit.
1375 2731 1529 2798 Nondum

409 2837 458 2898 cst
480 2835 640 2908 definitio:
665 2843 775 2912 multis
797 2850 882 2915 enim
904 2851 1005 2918 modis
1027 2853 1096 2918 sine
1119 2853 1298 2920 hereditate
1315 2857 1418 2922 teneri
1440 2879 1529 2923 mor-

336 2959 339 2964 '
409 2960 539 3026 tuorum
561 2969 713 3048 pecuniae
735 2977 881 3055 possunt.
905 2973 1014 3041 Unum
1037 2976 1116 3044 adde
1139 2980 1284 3059 verbum,
1301 2985 1390 3070 jarer
1415 2983 1485 3066 jam
1508 3004 1528 3051 a

408 3087 637 3154 communitate
659 3092 818 3177 disjuncta
840 3119 891 3162 res
915 3099 1095 3178 videbitur,
1127 3106 1164 3166 ut
1192 3103 1236 3168 sit
1258 3103 1417 3188 explicata
1446 3105 1527 3170 deli·

409 3207 491 3273 nitio
514 3210 614 3279 haec:
655 3218 842 3286 »Hereditas
867 3235 910 3287 cat
932 3228 1074 3308 pecunia,
1106 3249 1184 3312 quoa
1206 3239 1302 3292 morta
1331 3230 1460 3316 alicujus
1483 3232 1528 3294 od

409 3337 582 3420 quempiam
600 3345 741 3424 pervenit
755 3345 863 3430 jare.”

453 3457 482 3523 E
506 3461 623 3546 quibus
645 3466 815 3534 deliniendi
839 3470 919 3549 viis,
943 3473 1031 3556 prior
1054 3472 1181 3539 Platoni
1204 3474 1296 3559 quasi
1318 3475 1413 3540 unica
1436 3475 1525 3540 vide·

409 3581 526 3662 batur,
550 3589 677 3670 quaed
704 3594 824 3657 certam
852 3594 1018 3660 scientiam
1047 3596 1286 3680 perveniretnr3
1313 3598 1524 3682 posteriorem

408 3711 528 3786 autem,
559 3733 624 3795 qua
646 3733 685 3777 ex
709 3717 963 3788 consideratione
985 3717 1127 3802 plurium
1155 3741 1277 3796 rerum,
1300 3720 1416 3805 quibus
1439 3720 1523 3786 idem

409 3832 669 3914 ›praedicatum''
704 3839 878 3918 tribuitur,
914 3843 1077 3907 notionem
1100 3843 1281 3927 quaerimus
1311 3865 1523 3922 communem,

407 3954 579 4039 aliquando
605 3960 743 4042 quidem,
757 3964 944 4047 magistrum
957 3965 1115 4043 imitatus,
1138 3966 1172 4031 in
1189 3966 1327 4053 dialogis
1344 3969 1522 4052 usurpavit,

407 4101 472 4146 non
490 4084 598 4146 tamen
613 4086 723 4166 aptam
736 4085 828 4150 duxit
840 4088 901 4152 nisi
916 4089 955 4153 ad
967 4089 1135 4173 pariendas
1151 4090 1317 4174 opiniones
1329 4090 1521 4174 probabiles.

407 4202 507 4288 quue
521 4204 603 4283 idco,
623 4207 708 4291 quod
724 4209 828 4288 rebus,
844 4232 924 4295 quas
936 4212 1081 4276 sensibus
1095 4211 1374 4297 apprehendimus,
1388 4214 1521 4278 excitari

407 4328 543 4413 putabat
570 4331 756 4399 memoriam
785 4333 950 4412 idearum,
979 4356 1061 4418 quae
1088 4340 1194 4400 esseut
1217 4337 1316 4401 menti
1345 4335 1462 4401 insitae
1488 4341 1521 4401 et

407 4455 499 4537 quasi
520 4455 650 4524 innatae
672 4495 716 4504 —
750 4457 788 4524 de
820 4457 897 4546 ipsis
930 4478 1006 4525 vero
1031 4457 1126 4526 rebus
1159 4457 1282 4528 nullam
1309 4464 1430 4532 certam
1452 4482 1520 4528 esse
