3406 5496
693 676 735 742 53

154 889 250 976 hujus
272 889 377 976 operis
400 889 521 977 effigies
544 891 749 977 exprimenda
772 893 851 968 erat,
875 890 929 954 scd
952 889 1107 977 imagines
1130 892 1272 968 tantum,

153 1027 233 1099 quas
258 1014 360 1079 lector
382 1013 554 1080 benevolus
574 1016 643 1100 jam
666 1037 705 1080 ex
728 1037 786 1080 sua
810 1015 915 1099 priore
947 1014 1084 1079 lectione
1119 1015 1273 1080 memoria

154 1142 297 1214 teneret,
332 1138 517 1203 excitandae
544 1139 777 1223 quodammodo
802 1143 900 1224 atque
923 1139 1118 1204 revocandae
1143 1179 1181 1187 —
1204 1140 1273 1223 jam

151 1285 217 1328 non
240 1262 350 1328 multis
374 1264 489 1342 verbis,
514 1264 644 1348 opinor,
678 1287 758 1349 opus
794 1265 855 1329 erit
888 1269 925 1328 ut
962 1264 1143 1348 probamin,
1172 1266 1271 1347 caput

152 1388 296 1452 omnium
320 1387 435 1453 harum
457 1388 638 1453 litterarum
663 1411 731 1453 esse
752 1387 843 1463 illud,
868 1387 953 1470 quod
976 1408 1072 1470 supra
1084 1385 1182 1450 Tullii
1201 1407 1271 1449 ver·

152 1510 202 1576 bis
227 1513 478 1578 enuntiavimus:
505 1513 685 1578 »nominem
710 1512 899 1599 eloquentia
923 1533 987 1575 non
1013 1511 1105 1575 modo
1129 1511 1197 1574 sine
1221 1510 1270 1573 di-

151 1637 243 1701 cendi
266 1636 420 1716 doctriua,
444 1638 499 1702 sed
522 1661 561 1702 nc
588 1639 657 1704 sine
688 1638 775 1704 omni
798 1636 927 1722 quidem
965 1635 1122 1719 sapientia
1156 1635 1270 1699 florere

150 1782 305 1845 umquam
327 1765 360 1826 et
381 1767 544 1846 praestare
567 1762 741 1847 potuisse.”

197 1884 437 1951 Demonstravit
460 1885 593 1952 Crassus
617 1886 747 1963 oratori,
770 1891 808 1950 ut
831 1887 969 1962 doceret,
984 1887 1020 1947 ut
1032 1883 1215 1959 delectaret,
1233 1886 1269 1946 ut

150 2014 293 2076 moveret
309 2011 489 2078 ,multarum
512 2015 611 2096 atque
635 2033 824 2097 magnarum
849 2031 955 2074 rerum
978 2007 1145 2072 scientiam
1160 2029 1269 2070 neces-

150 2134 269 2198 sariam
292 2155 373 2211 esse;
396 2135 627 2218 pernoscendae
650 2157 718 2200 esse
731 2156 791 2212 res,
805 2157 886 2219 quae
900 2133 1043 2198 oratione
1055 2130 1268 2215 explanaren-

149 2265 220 2334 tur3
243 2281 308 2324 non
331 2258 457 2343 placere
469 2281 560 2343 posse
573 2259 629 2342 qui
641 2259 770 2336 diceret,
782 2258 843 2323 nisi
867 2260 1037 2342 appareret
1053 2254 1164 2319 multis
1189 2254 1268 2319 arti·

147 2383 210 2447 bus
233 2381 427 2467 perpolitus3
450 2383 608 2448 neminem
631 2382 759 2448 flectere
784 2385 816 2446 et
839 2402 1038 2446 commovere
1060 2378 1194 2458 animos,
1212 2379 1266 2463 qui

147 2509 299 2585 naturas,
341 2506 474 2570 affectus
508 2528 676 2590 moresque
721 2505 887 2571 hominum
934 2527 997 2570 non
1046 2505 1266 2588 perspexisset.

149 2629 333 2694 Tenendam
367 2652 434 2694 csse
457 2629 560 2717 igitur
589 2634 623 2695 et
653 2631 831 2695 doctrinam
864 2631 903 2695 de
937 2630 1005 2694 vita
1038 2633 1071 2693 et
1106 2627 1266 2703 moritur,

148 2759 183 2820 et
217 2754 342 2820 litteras
376 2755 512 2832 multas,
546 2759 580 2820 et
615 2755 665 2820 vel
699 2754 836 2819 maxime
872 2753 1088 2838 cognitionem
1123 2751 1265 2816 omnium

148 2900 260 2943 earum
283 2901 401 2956 rerum,
424 2902 506 2963 quac
529 2879 673 2944 oratione
696 2881 922 2943 tractarentur.
936 2878 1036 2964 Ergo,
1056 2878 1267 2961 quitantum·

148 3002 243 3066 modo
266 3003 306 3067 ad
329 3002 484 3086 populum
510 3001 599 3068 etin
622 3007 735 3068 senatu
758 3003 862 3067 dicere
887 3000 993 3079 vellet,
1011 3001 1085 3076 ciet
1097 2998 1266 3064 historiam

149 3132 183 3193 et
206 3127 418 3213 antiquitates
439 3132 472 3192 et
495 3126 583 3215 leges
606 3131 638 3192 et
658 3127 734 3211 jura
757 3126 962 3210 perdiscenda
992 3147 1074 3200 esse;
1107 3124 1162 3207 qui
1193 3143 1267 3185 vero

149 3253 311 3337 perfectus
334 3253 394 3317 dici
419 3251 517 3317 vellet
541 3255 659 3329 orator,
686 3250 837 3334 qnoniam
871 3248 969 3314 nullis
995 3249 1142 3314 terminis
1165 3246 1268 3312 inclu-

149 3377 279 3441 deretur
290 3376 491 3461 eloquentiae
503 3399 648 3462 regnum,
661 3396 764 3458 neque
777 3372 843 3437 ulla
856 3372 1010 3449 doctrina,
1022 3393 1103 3456 quae
1116 3371 1267 3436 advitam

148 3499 299 3584 pertinet,
322 3501 546 3565 tractationem
569 3499 722 3564 orationis
746 3520 808 3562 non
827 3497 1005 3581 postularet
1026 3536 1056 3544 --
1074 3517 1199 3559 omnem
1217 3515 1268 3557 sa-

148 3625 303 3708 pientiam
326 3647 399 3688 eum
422 3623 584 3708 possidere
607 3645 675 3688 esse
708 3644 844 3687 necesse.
869 3621 980 3706 Neque
1008 3620 1144 3684 aliorum
1169 3617 1268 3683 collo·

148 3749 315 3832 quentium
339 3771 499 3812 sermones
522 3749 606 3812 hanc
629 3747 820 3812 seutentiam
844 3747 911 3811 ullo
935 3746 1029 3811 modo
1049 3746 1266 3810 infirmarunt.

149 3871 235 3937 Nam
257 3894 339 3956 quae
361 3895 380 3935 a
404 3871 555 3937 Scaevola
579 3873 704 3956 objecta
727 3876 813 3949 sunt,
834 3871 909 3955 quid
922 3871 984 3935 nisi
997 3870 1058 3934 hoc
1075 3869 1268 3944 ostendunt,

147 3995 335 4080 prudentiae
357 3996 473 4061 infanti
497 4019 561 4061 non
584 4018 710 4060 omnem
735 3996 907 4061 utilitatem
921 3994 1161 4079 abjudicandam
1176 3995 1268 4057 esse?

148 4121 237 4197 Quae
249 4143 324 4185 vcro
337 4120 499 4186 Antonius
520 4119 736 4206 contradixit,
760 4117 841 4183 illud
855 4121 982 4183 tantum
1002 4119 1176 4182 effecerunt
1203 4139 1267 4180 non

148 4244 257 4310 omnia
279 4244 544 4330 philosophorum
568 4243 687 4330 placita
710 4244 831 4308 oratori
854 4242 1038 4319 convenire,
1062 4264 1165 4325 neque
1184 4240 1267 4324 juris

147 4365 287 4434 studium
313 4369 434 4434 oratori
458 4369 541 4433 tanti
563 4368 743 4432 faciendum
767 4389 853 4444 esse,
887 4366 999 4451 quanti
1034 4365 1153 4450 ingenii
1185 4364 1268 4428 dona

148 4492 335 4577 dicendique
359 4492 619 4558 exercitationem
644 4496 677 4556 et
700 4493 911 4580 diligentiam,
937 4491 1073 4556 maxime
1094 4495 1200 4554 aulem
1216 4511 1267 4553 ca-
