3432 5498
697 635 739 712 69

156 861 231 934 est;
255 879 357 944 neque
391 879 520 943 operam
545 857 627 924 dabo
663 863 699 923 ul
733 881 842 924 omnes
873 861 1003 926 omnino
1038 861 1168 927 afferam
1204 885 1279 928 auc-

151 985 269 1061 tores,
303 983 420 1066 quibus
458 984 541 1048 forte
584 983 718 1049 minima
753 985 911 1070 quaedam
947 984 1061 1050 horum
1097 1009 1279 1052 sermonum

151 1105 345 1172 debeantur.
392 1107 523 1188 Metuo,
546 1109 686 1195 ingenue
721 1110 845 1188 fateor,
874 1132 914 1174 ne
940 1109 1101 1175 incurram
1125 1113 1158 1174 in
1194 1111 1280 1178 vitu·

151 1230 339 1313 parationes
361 1230 481 1296 similes
503 1231 579 1309 illis,
603 1232 720 1318 quibus
744 1255 846 1318 nuper
869 1238 937 1299 tam
972 1235 1086 1300 festive
1122 1234 1280 1320 exagitati

151 1358 236 1418 suat
258 1355 312 1420 isti
335 1354 531 1440 syllaborum
555 1379 711 1442 aucupes,
742 1357 798 1440 qui
828 1378 867 1422 ex
902 1356 1089 1422 brevissimo
1124 1362 1280 1441 commate

153 1475 196 1540 »I
209 1477 309 1563 puer''
333 1484 440 1544 autex
464 1502 523 1546 usu
548 1482 632 1546 vocis
654 1479 895 1565 »pyramidae”,
919 1481 1132 1566 nescioquam
1145 1482 1279 1547 duorum

151 1607 324 1688 poetarum
348 1605 612 1670 necessitudinem
636 1583 835 1688 collegeram
860 1645 899 1654 -
924 1608 1066 1670 ceterum
1079 1606 1193 1682 securi,
1208 1610 1280 1670 uter

153 1728 324 1795 venustior
346 1734 429 1794 esset
452 1733 557 1808 vates,
582 1733 655 1796 uter
676 1730 844 1807 fervidior,
869 1733 941 1795 uter
963 1729 1171 1795 numerosior.
1195 1729 1280 1793 Red-

155 1852 242 1918 dunt
265 1875 323 1918 nos
351 1853 457 1920 aliena
491 1855 668 1939 periculum
704 1857 850 1919 cautum:
886 1853 1073 1937 praesertim
1108 1875 1181 1917 cum
1212 1852 1280 1917 sine
1358 1829 1360 1834 Ι

156 1998 278 2062 magno
302 1978 509 2057 detrimento,
533 1979 596 2043 nisi
618 1978 732 2056 fallor,
756 1999 776 2042 a
798 1977 923 2042 minuta
945 1975 1005 2042 illa
1028 1975 1196 2064 diligentia
1225 1977 1282 2040 ab·

157 2101 280 2166 stipere
314 2101 421 2166 liceat.
445 2141 487 2150 -
511 2101 603 2179 Quid,
623 2124 753 2187 quaeso,
777 2102 896 2166 attinet
919 2101 952 2165 in
976 2100 1112 2186 singulis
1135 2099 1213 2165 locis
1229 2122 1281 2164 ac·

158 2228 271 2290 curate
294 2224 382 2302 scire,
407 2227 479 2312 quis
501 2226 578 2310 quid
599 2227 688 2310 prius
711 2226 851 2291 dixerit?
874 2225 924 2290 Sit
947 2225 1036 2290 nefas
1059 2226 1093 2290 in
1116 2224 1283 2289 severiori·

165 2349 226 2412 bns
249 2348 425 2433 disciplinis
448 2349 613 2436 ingeniose
635 2351 768 2415 inventa
791 2349 920 2427 referre,
944 2348 1005 2413 nisi
1030 2348 1177 2434 religiose
1200 2347 1282 2410 indi·

157 2473 291 2550 caveris,
316 2473 388 2558 quis
412 2472 533 2558 primus
556 2495 667 2539 eorum
688 2477 801 2538 auctor
823 2473 937 2539 fuerit:
950 2476 1030 2550 esto,
1046 2494 1109 2537 non
1123 2479 1283 2557 repugno?

158 2596 203 2662 sit
226 2619 302 2662 suus
324 2597 440 2683 cuique
463 2597 577 2662 honor.
602 2596 663 2662 Sed
687 2598 721 2662 in
743 2597 863 2662 litteris
886 2596 1035 2662 humanis
1058 2596 1123 2661 alia
1141 2595 1282 2682 agimus3

158 2743 225 2786 non
249 2720 321 2806 quis
344 2721 470 2800 dixerit,
496 2721 551 2786 sed
574 2722 651 2806 quid
681 2721 808 2786 dicatur
831 2721 1035 2787 attendimus.
1065 2719 1147 2796 Quid
1177 2718 1282 2785 hercle

158 2845 296 2910 interest
329 2845 369 2909 ad
392 2845 623 2911 relaxationem
648 2851 680 2911 et
704 2845 976 2912 oblectamentum
999 2846 1117 2924 animi,
1151 2845 1191 2910 ad
1214 2844 1282 2909 cul·

159 2973 268 3033 turam
289 2968 427 3056 ingenii,
451 2970 492 3034 ad
514 2971 617 3055 ipsam
641 2969 730 3035 illam
754 2969 1007 3049 humanitatem,
1029 2992 1126 3054 quam
1158 2969 1282 3034 litteras

160 3090 292 3156 colendo
315 3093 506 3176 quaerimus,
535 3133 574 3140 -
600 3115 820 3179 quaecumque
856 3094 1017 3178 sapienter
1039 3093 1183 3178 lepideve
1206 3097 1282 3157 sunl

160 3214 260 3292 dicta,
284 3236 321 3279 ac
343 3215 466 3280 dicendi
489 3217 582 3282 flores
606 3239 715 3282 omnes
739 3205 776 3282 et
793 3217 914 3304 figuras
936 3217 1085 3304 religiose
1109 3219 1174 3283 suis
1202 3239 1278 3282 auc-

160 3341 287 3406 toribus
308 3341 429 3407 tribui?

205 3465 303 3541 Quasi
325 3487 399 3532 vero
422 3466 462 3530 ad
484 3466 713 3551 praestantiam
740 3470 773 3532 et
795 3466 1066 3551 pulchritudinem
1094 3466 1199 3550 operis
1222 3471 1279 3531 aut

159 3587 200 3652 ad
220 3586 380 3653 Ciceronis
402 3589 512 3654 laudes
536 3588 676 3654 multum
701 3591 872 3674 pertineat,
884 3594 992 3656 utrum
1007 3591 1108 3676 'plura
1133 3614 1174 3655 an
1198 3613 1278 3675 pau·

160 3711 248 3777 eiora
270 3710 397 3777 aliunde
421 3712 608 3798 deprompta
631 3715 844 3798 conjunxerit!
880 3713 962 3779 Sane
985 3715 1111 3800 antiqui
1135 3738 1199 3780 non
1230 3715 1279 3780 ita

160 3835 354 3900 sentiebant.
377 3835 431 3900 Illi
454 3837 648 3920 optimorum
671 3837 861 3922 scriptorum
885 3860 982 3923 opera
1011 3843 1177 3924 tamquam
1207 3840 1279 3904 the·

160 3980 272 4024 saaros
295 3957 456 4024 habebant
479 3960 526 4026 ita
548 3961 702 4045 sepositos
724 3961 758 4025 in
781 3961 958 4028 utilitatem
987 3984 1207 4043 communem,
1243 3968 1280 4029 ut

161 4105 226 4149 non
248 4083 371 4150 minore
395 4083 488 4150 laude
511 4083 626 4171 dignus
650 4084 830 4164 rideretur,
853 4087 909 4171 qui
931 4087 1006 4152 illos
1029 4086 1131 4152 multa
1154 4091 1223 4152 arte
1246 4089 1278 4153 in

160 4229 255 4271 suum
278 4219 374 4272 usum¹
394 4212 605 4287 converteret,
627 4231 724 4293 quam
747 4210 804 4294 qui
828 4210 949 4295 primus
971 4211 1084 4296 ignota
1096 4211 1279 4298 indictaque

161 4331 201 4395 de
213 4351 271 4396 suo
281 4336 452 4415 promeret.
466 4325 502 4398 'N
504 4354 583 4418 eque
605 4333 639 4398 in
654 4332 735 4398 artis
752 4333 900 4418 operibus
916 4336 1119 4401 aestimandis
1131 4359 1169 4402 ea
1192 4359 1281 4402 men-

162 4475 238 4524 sura
261 4456 401 4524 auctoris
431 4457 558 4526 laudem
589 4457 820 4536 metiebantur,
854 4462 892 4522 ut
925 4459 1048 4524 curiose
1082 4460 1282 4548 inquirerent
