3432 5498
967 626 1030 699 112

441 844 658 916 tribuendum.
690 841 846 912 Feliciore
876 843 979 932 igitur
1008 866 1088 911 aevo
1119 869 1191 913 curn
1219 848 1289 914 nati
1311 845 1410 914 simus
1432 848 1465 915 et
1487 843 1563 914 ube-

442 975 526 1038 riore
538 973 685 1038 veritatis
696 971 818 1035 lumine
829 969 1019 1047 collustrati,
1031 992 1168 1055 aequum
1181 993 1245 1038 non
1259 975 1308 1037 est
1326 995 1385 1038 nos
1397 974 1502 1038 aerius
1514 974 1562 1038 vi·

442 1101 592 1182 tuperare
620 1096 747 1180 erroresj
763 1093 862 1170 illius,
885 1116 905 1157 a
931 1096 1078 1176 quotam
1102 1094 1204 1161 multa
1216 1097 1348 1183 egregia
1373 1097 1561 1183 accepimus.

442 1219 659 1304 Antiquorum
682 1218 876 1302 scriptorum
905 1217 1062 1302 gemmis,
1094 1216 1278 1284 Ciceronem
1313 1221 1499 1299 imitantes,
1530 1225 1564 1286 et

441 1348 565 1408 mentes
587 1346 715 1408 nostras
738 1362 892 1407 exornare
915 1344 948 1404 et
971 1339 1091 1405 liberos
1115 1346 1312 1428 ceterosque,
1335 1365 1473 1428 qnorum
1489 1365 1564 1408 vera

442 1466 547 1553 gloria
570 1465 661 1531 nobis
696 1468 728 1529 et
750 1464 892 1550 dignitas
926 1468 1092 1543 esseest,
1116 1465 1219 1530 ditare
1242 1467 1435 1532 studeamus.
1472 1465 1564 1532 Inter

444 1589 552 1655 omnia
585 1593 693 1654 autem
721 1588 828 1652 studia
855 1587 1002 1652 liberalia
1037 1587 1260 1653 ›flexanimam
1292 1593 1390 1674 atque
1421 1590 1563 1658 omnium

444 1714 591 1799 reginam
608 1714 734 1777 rerum'’
759 1733 883 1776 summo
907 1710 977 1776 loco
989 1711 1174 1776 habeamus.
1198 1712 1283 1777 Nam
1300 1713 1359 1777 etsi
1382 1713 1565 1797 eloquentia

446 1837 536 1902 nullo
560 1858 625 1904 non
650 1840 794 1919 tempore
817 1839 874 1899 ant
896 1834 1015 1898 artium
1037 1835 1220 1920 principatu
1243 1841 1299 1900 aut
1322 1840 1389 1901 tam
1401 1836 1564 1922 praeclaro

444 1958 572 2025 nomine
587 1958 685 2024 fuerit
696 1958 805 2044 digna,
818 1957 987 2022 dummodo
999 1957 1155 2041 probitati
1175 1959 1288 2043 juncta
1308 1963 1391 2024 esset
1413 1980 1580 2044 magnae·-

444 2105 505 2167 que
521 2081 719 2167 prudentiae,
743 2085 835 2145 tanto
857 2080 930 2165 plus
948 2080 1016 2180 ¹hae
1038 2084 1142 2145 aetate
1166 2082 1253 2147 valet
1274 2082 1314 2146 ad
1338 2083 1494 2148 docendos
1508 2083 1566 2147 ho·

443 2207 545 2271 mines
565 2205 646 2270 bene
671 2205 776 2270 vivere
799 2209 832 2268 et
843 2204 969 2270 beatam
998 2213 1111 2289 parare
1135 2209 1286 2284 mortem,
1310 2209 1432 2289 quanto
1462 2206 1566 2289 major

443 2331 606 2397 doetrinae
626 2331 718 2414 eopia
734 2351 798 2394 non
812 2330 1024 2394 humanarum
1039 2327 1153 2406 solum,
1166 2328 1220 2392 sed
1240 2329 1420 2394 divinarum
1438 2351 1565 2414 quoque

444 2460 477 2520 et
511 2454 697 2519 coelestium
734 2476 842 2518 rerum
867 2453 936 2537 jam
970 2456 1099 2537 praesto
1130 2457 1179 2516 est
1213 2453 1413 2518 mortalibus.
1457 2453 1564 2518 Pauca

443 2577 527 2642 enirn
562 2581 639 2641 sunt
669 2599 723 2655 ea,
752 2599 834 2660 quae
866 2599 905 2642 ex
936 2575 1044 2640 »omni
1071 2576 1249 2660 sapientia’'
1285 2575 1396 2643 Cicero
1432 2579 1561 2661 ejusque

442 2701 598 2786 aequales
616 2703 791 2785 potuerunt
814 2701 989 2788 attingere,
1013 2700 1040 2763 si
1068 2701 1277 2765 conferuntur
1304 2723 1376 2765 oum
1400 2700 1565 2765 ditissimis

443 2824 511 2889 illis
538 2823 715 2908 sapientiae
738 2823 922 2902 thesauris,
945 2825 985 2888 ad
1017 2846 1097 2908 quos
1132 2828 1164 2888 et
1188 2824 1329 2888 humana
1351 2823 1510 2889 industria
1532 2829 1566 2889 et

445 2947 564 3012 Divina
584 2946 721 3011 maxime
739 2947 869 3013 oracula
892 2948 1104 3032 posteriorum
1124 2951 1270 3013 aetatum
1293 2946 1476 3012 hominibus
1495 2947 1565 3031 jam

445 3070 568 3136 editum
590 3074 800 3156 paraverunt.
