3406 5496
675 663 714 730 21

132 881 306 948 citudinem
325 886 358 946 et
374 879 576 966 prudentiam
592 877 721 964 egregie
738 877 922 960 exprimunt
941 915 980 924 -
1003 876 1085 942 »Sed
1104 880 1251 954 nostrum

131 1006 317 1071 instituendi
344 1027 444 1092 genus
471 1027 538 1068 esse
560 985 670 1088 paullo
698 1004 852 1068 eruditius
883 1008 915 1067 et
942 1000 1159 1086 θεῑικώτερον
1186 1022 1250 1064 non

131 1131 272 1216 ignoras.
308 1131 412 1206 Quare
449 1151 553 1213 neque
588 1150 648 1214 ego
683 1128 831 1212 impediri
861 1126 1023 1192 Ciceronis
1057 1126 1119 1188 iter
1154 1129 1250 1209 atque

131 1252 222 1318 illam
247 1252 447 1336 disciplinam
470 1252 554 1330 vole,
577 1257 610 1316 et
637 1252 705 1336 ipse
727 1274 805 1336 puer
828 1253 931 1337 magis
944 1252 1000 1315 illo
1024 1249 1249 1314 declamatorio

129 1399 247 1464 genere
269 1377 341 1441 duci
365 1380 397 1440 et
419 1376 572 1440 delectari
595 1376 732 1440 videtur.
756 1377 795 1440 In
820 1398 893 1461 quo,
918 1377 1069 1460 quoniam
1083 1377 1150 1459 ipse
1170 1396 1250 1458 quo·

130 1522 193 1586 que
216 1499 346 1578 fuimns,
370 1500 532 1583 patiamur
554 1500 646 1564 illum
670 1501 717 1564 ire
741 1500 1053 1573 nostrisitineribus3
1077 1498 1249 1581 eodemque

130 1625 215 1689 enim
238 1628 468 1708 proventurum
492 1645 559 1687 esse
582 1624 781 1687 confidimus.
813 1623 873 1688 Sed
897 1627 1006 1687 tamen
1029 1623 1055 1686 si
1080 1621 1247 1686 nobiscum

130 1770 202 1812 eum
226 1771 280 1812 rus
303 1747 410 1832 aliquo
431 1747 645 1825 eduxerimus‚
668 1749 701 1811 in
725 1748 808 1812 hanc
826 1753 970 1812 nostram
983 1747 1147 1810 rationem
1172 1768 1246 1810 con·

128 1873 393 1956 suetudinemque
417 1871 633 1936 inducemus.'‘
653 1871 679 1952 ¹)
703 1872 836 1947 Quibus,
859 1873 920 1936 nisi
932 1872 1038 1949 fallor,
1051 1872 1128 1934 satis
1149 1893 1247 1954 appa·

130 2000 192 2074 ret,
216 2000 414 2080 quantopere
437 1999 505 2059 tum
519 1995 654 2073 animus,
672 2000 741 2059 tum
758 2019 807 2060 res
824 1997 1014 2061 domesticae
1032 2002 1063 2060 et
1074 1995 1247 2059 familiares

129 2119 326 2198 Ciceronem,
350 2141 387 2184 eo
411 2119 547 2184 maxime
560 2143 655 2199 anno,
668 2128 705 2184 ut
724 2121 762 2185 de
783 2122 924 2186 oratoria
947 2120 1149 2184 institutione
1169 2117 1247 2181 scri·

129 2245 233 2322 beret,
257 2243 429 2308 adhortata
451 2243 525 2308 sint.

173 2368 344 2434 Mirabitur
389 2368 473 2432 forte
507 2367 667 2452 quispiam
711 2392 770 2433 nos
815 2371 854 2434 de
889 2370 1009 2445 Quinto
1053 2368 1151 2432 tratre
1194 2369 1247 2431 hic

128 2494 323 2559 mentionem
369 2515 433 2557 non
479 2492 635 2576 injicere:
670 2493 768 2558 immo
806 2495 935 2578 putabit
963 2517 1021 2559 nos
1059 2497 1129 2557 toto
1157 2493 1245 2557 coelo

125 2642 145 2683 a
168 2616 330 2682 Ciceronis
352 2617 517 2702 proposito
541 2617 715 2681 aberrasse.
739 2617 862 2682 Notum
886 2619 970 2682 enirn
994 2640 1062 2683 esse
1086 2617 1184 2681 libros
1207 2617 1244 2681 de

127 2741 264 2808 Oratore
297 2762 378 2805 unos
412 2763 451 2804 ex
474 2742 622 2806 omnibus
652 2742 753 2807 Marci
778 2743 868 2807 libris
900 2743 1020 2817 Quinto
1051 2742 1142 2806 fratri
1177 2763 1245 2806 esse

125 2866 262 2941 dicatos,
287 2862 460 2949 statimque
483 2864 543 2928 snb
563 2865 656 2930 initio
680 2866 745 2952 legi
770 2867 864 2931 illud:
889 2889 1004 2952 cupere
1027 2868 1160 2930 fratrem
1185 2865 1244 2929 ali-

126 2989 204 3074 quid
226 2988 359 3072 politius
382 2988 421 3052 de
445 2987 568 3052 dicendi
590 2992 659 3052 arte
682 2990 836 3073 accipere,
862 3009 957 3074 quam
982 3012 1063 3074 quae
1083 2989 1244 3053 decadem

127 3135 163 3178 re
188 3111 338 3176 inchoata
359 3134 396 3177 ac
420 3111 511 3175 rudia
534 3117 610 3177 sunt
634 3113 748 3177 effusa:
774 3113 806 3176 in
831 3136 868 3177 eo
892 3118 999 3178 autem
1022 3115 1137 3179 fratres
1160 3115 1244 3178 inter

125 3260 159 3303 se
183 3237 363 3314 dissentire,
376 3236 462 3321 quod
478 3235 605 3300 Marcus
625 3237 913 3301 eruditissimorum
937 3237 1103 3302 hominum
1121 3238 1244 3302 artibus

125 3360 340 3445 eloquentiam
371 3359 528 3424 contineri
555 3363 697 3438 statuat,
737 3360 875 3436 Quintus
903 3367 1011 3426 autem
1039 3362 1171 3426 eandem
1203 3362 1243 3425 ab

125 3484 287 3570 elegantia
304 3483 469 3549 doctrinae
493 3485 722 3570 segregandam
746 3489 846 3569 putet.
872 3486 936 3550 Pro
960 3493 1046 3551 certo
1069 3487 1171 3572 igitur·
1195 3487 1243 3549 af-

124 3608 316 3672 firmandum
347 3629 414 3672 esse
437 3607 598 3672 Ciceronis
621 3609 789 3673 eonsilium
814 3610 898 3674 hisce
923 3611 1028 3675 verbis
1050 3633 1143 3675 omne
1167 3632 1242 3674 oon·

124 3731 239 3796 tineri:
264 3730 331 3806 »Ut
355 3752 528 3816 cognoscas
551 3733 721 3808 <Quinte
744 3733 896 3808 irater>
919 3757 1001 3818 quae
1020 3734 1079 3797 viri
1100 3734 1243 3797 omnium

124 3855 378 3940 eloquentissimi
401 3856 559 3920 senserint
581 3857 619 3920 de
643 3859 730 3921 omni
754 3859 879 3922 ratione
899 3858 1056 3922 dicendi.”

170 3979 214 4044 At
235 3979 396 4063 paulisper
419 3979 601 4058 recorderis,
622 3981 726 4065 qualis
737 3982 835 4045 fuerit
845 3982 968 4046 indoles
980 3981 1100 4059 Quinti,
1111 3982 1243 4064 jamque

124 4105 292 4190 apparebit
316 4108 474 4189 quantum
497 4105 562 4169 illis
585 4106 709 4169 dicendi
732 4105 879 4170 formulis
903 4106 1109 4169 tribuendum
1133 4106 1185 4169 sit.

169 4226 264 4292 Haud
287 4228 456 4293 obscurum
481 4233 529 4294 est
552 4229 705 4304 Quintum
729 4228 913 4294 Ciceronem
937 4231 969 4293 in
992 4230 1151 4296 honorum
1170 4230 1242 4316 qui-

159 4494 187 4564 1)
207 4495 249 4550 Ar
267 4496 298 4562 Q.
317 4497 349 4551 fr.
368 4499 386 4550 l.
406 4496 493 4550 111.3.
514 4501 538 4554 l.
