3406 5496
979 633 1020 698 16

313 895 316 900 1
443 854 608 921 »modeste
633 851 788 939 Diogenis
811 853 843 916 et
867 848 1007 915 sobria.”
1030 848 1056 935 ¹)
1080 846 1187 934 Atque
1208 848 1242 913 hi
1265 847 1361 934 primi
1384 847 1470 913 inter
1491 847 1564 914 Ro-

441 1000 553 1044 manos
583 976 707 1042 dicendi
737 976 816 1041 artis
842 995 998 1057 veraeque
1021 970 1222 1058 eloquentiae
1252 971 1398 1058 magistri
1420 971 1563 1038 habendi

442 1105 532 1167 sunt:
557 1101 598 1166 ab
622 1121 731 1165 eorum
755 1102 862 1164 aetate
885 1097 996 1162 statim
1011 1096 1155 1181 prodiere
1172 1100 1315 1161 oratores
1334 1094 1482 1175 Romani,
1502 1095 1563 1179 qui
1683 1175 1684 1184 ἵ

443 1246 554 1290 revera
577 1222 741 1307 praeclaro
764 1221 826 1286 hoc
855 1220 984 1285 nomine
1011 1219 1101 1306 digni
1131 1224 1233 1284 erant.
1261 1220 1307 1285 At
1338 1243 1412 1286 mox
1441 1243 1564 1309 magna

443 1350 581 1436 quadam
605 1351 735 1413 caterva
764 1346 907 1411 rhetores
938 1345 1050 1410 Graeci
1081 1345 1218 1409 Romam
1250 1345 1459 1424 invaserunt,
1486 1368 1563 1412 ver-

443 1472 556 1538 borum
592 1470 640 1535 illi
673 1470 801 1554 quidem
836 1469 974 1534 artifices
1009 1469 1237 1548 versatissimi,
1276 1468 1449 1536 Carneadis
1483 1493 1563 1537 vero

444 1595 662 1684 Diogenisque
685 1593 842 1678 sapientia
865 1598 898 1657 et
920 1593 1098 1658 eruditione
1121 1615 1251 1677 prorsus
1274 1598 1429 1660 carentes.
1452 1595 1563 1661 Hebes

448 1725 545 1805 atque
588 1717 770 1804 impolitum
805 1717 893 1781 istud
926 1716 1092 1782 rhetorum
1129 1739 1231 1803 genus
1272 1715 1370 1784 luisse
1404 1721 1561 1798 traditum

444 1849 572 1930 praeter
595 1842 729 1929 vulgata
763 1841 929 1905 rhetorum
963 1843 1131 1925 praecepta
1164 1840 1246 1905 nihil
1280 1843 1456 1920 tenebant;
1485 1844 1564 1929 phi-

446 1968 625 2053 losophiam
650 1988 691 2031 ne
713 1964 908 2050 primoribus
931 1963 1057 2046 quidem
1080 1963 1180 2028 labris
1202 1965 1397 2051 attigerant3
1421 1969 1459 2032 de
1482 1968 1565 2032 civi-

445 2093 568 2159 tatibus
590 2089 800 2166 moderandis,
823 2089 862 2152 de
885 2087 1058 2171 aequitate,
1080 2087 1220 2171 justitia,
1243 2090 1316 2169 fide,
1339 2090 1459 2156 litteris
1479 2092 1564 2157 nihil

445 2218 477 2281 in
501 2237 612 2281 eorum
635 2213 781 2279 doctrina
802 2211 1045 2288 continebatur3
1080 2210 1119 2275 de
1148 2201 1320 2296 prooemiis
1351 2219 1384 2280 et
1407 2216 1565 2301 epilogis,
1684 2239 1685 2280 3

447 2343 486 2406 de
519 2339 727 2405 divisionibus
760 2357 928 2402 causarum
964 2335 1186 2401 minutissimis
1208 2337 1326 2403 infiniti
1350 2344 1460 2416 erant;
1498 2359 1565 2404 uno

448 2487 543 2552 opero
562 2463 694 2528 eandem
706 2460 853 2527 incudem
865 2459 918 2523 diu
940 2462 1101 2543 noctuque
1113 2460 1303 2528 tundebant.
1327 2463 1373 2530 At
1387 2487 1566 2548 numquam

449 2593 483 2655 et
513 2609 672 2672 nusquam
702 2590 862 2651 terrarum
892 2582 1038 2648 homines
1066 2583 1100 2647 in
1124 2606 1188 2649 una
1215 2586 1377 2655 rethorica
1400 2593 1567 2674 tamquam

450 2715 483 2778 in
507 2712 583 2777 orbe
605 2709 740 2787 inclusi,
768 2706 993 2794 philosophiae
1024 2710 1131 2772 autem
1156 2712 1396 2797 ceterarumque
1423 2712 1567 2797 discipli-

449 2861 575 2916 narum,
598 2857 680 2922 quae
703 2835 743 2901 ad
766 2835 867 2899 vitam
889 2831 1063 2918 pertinent,
1087 2834 1181 2899 rudes
1207 2841 1304 2922 atque
1325 2837 1466 2922 imperiti
1490 2837 1568 2902 boni

451 2962 653 3048 eloquentiae
682 2959 829 3045 magistri
851 2979 918 3024 esse
940 2962 1085 3043 possunt.
1119 2957 1259 3043 Ideoque
1287 2961 1411 3026 dicendi
1439 2962 1569 3046 quidem

450 3084 629 3172 praeceptis
648 3106 756 3150 eorum
770 3104 829 3167 ope
842 3082 926 3146 victa
938 3079 1071 3146 Graecia
1089 3081 1224 3147 Romam
1245 3083 1407 3149 victricem
1428 3085 1571 3160 domuit3

451 3233 516 3276 non
538 3210 659 3295 injuria
683 3213 790 3273 tamen
814 3205 978 3271 rhetorum
1002 3205 1068 3270 ludi
1091 3206 1203 3271 multis
1227 3209 1393 3274 offensioni
1415 3210 1512 3275 fuere.

496 3335 606 3418 Atque
629 3334 663 3398 hi
687 3332 816 3418 quidem
839 3330 974 3406 Graeci3
1005 3329 1113 3396 Latini
1136 3335 1260 3410 autem,
1284 3355 1419 3419 quornm
1444 3334 1572 3401 Plotius

453 3458 566 3526 Gallus
578 3459 700 3544 primus
718 3457 817 3522 fnisse
835 3456 948 3533 fertur,
965 3457 1144 3521 imitatores
1157 3457 1206 3522 »si
1221 3457 1269 3522 dis
1285 3458 1423 3543 placet’',
1440 3458 1572 3524 Graecia

453 3585 550 3650 etiarn
578 3583 703 3669 pejores
734 3581 937 3647 exstiterunt.
967 3580 1073 3645 »Nam
1102 3581 1187 3665 apud
1214 3580 1355 3648 Graecos
1380 3583 1573 3649 cuicuimodi

454 3713 560 3775 essent
589 3747 629 3758 -
658 3708 705 3772 ita
736 3706 870 3772 Crassus
897 3706 931 3769 in
958 3705 1087 3792 dialogo
1119 3746 1160 3754 —
1193 3707 1337 3772 videbam
1368 3710 1476 3772 tamen
1503 3728 1573 3772 esse

451 3837 581 3920 ¹praeter
611 3833 694 3897 hanc
725 3829 984 3896 exercitationem
1017 3829 1147 3915 linguae
1174 3831 1351 3896 doctrinam
1375 3831 1516 3916 aliquam
1538 3834 1574 3895 et

454 3958 655 4024 humanitate
667 3956 799 4043 dignam
814 3955 996 4033 scientiam
1018 3954 1077 4019 hos
1093 3977 1169 4020 vero
1186 3977 1286 4021 novos
1303 3956 1473 4043 magistros
1490 3955 1575 4021 nihil

454 4081 676 4170 intelligebam
696 4103 789 4166 posse
812 4081 923 4146 dooere
947 4080 1010 4144 nisi
1033 4084 1070 4145 ut
1094 4081 1264 4157 auderent3
1284 4081 1369 4166 quod
1386 4080 1483 4146 etiam
1500 4102 1574 4146 cum

455 4207 549 4274 bonis
571 4207 667 4272 rebus
690 4207 918 4292 conjunctum,
950 4225 1006 4290 per
1034 4226 1068 4269 se
1096 4203 1202 4290 ipsum
1225 4208 1274 4269 est
1307 4226 1499 4293 magnopere
1521 4205 1575 4270 fu-

456 4369 619 4382 ——n———a

493 4476 519 4549 r)
539 4477 600 4534 au.
619 4475 688 4533 oen.
707 4475 734 4532 u
751 4475 775 4532 Α
792 4469 828 4532 vr
847 4476 889 4532 rr.
