3406 5496
976 619 1021 688 46

442 829 630 900 Difficiliora
652 837 778 898 tautum
801 834 841 900 ad
856 839 957 900 artem
981 835 1158 902 revocanda
1180 857 1268 912 esse;
1282 856 1417 920 cumque
1433 858 1498 901 non
1514 836 1559 902 sit

440 955 611 1021 artificium
635 957 738 1022 simile
760 961 950 1036 ceterorum,
975 962 1011 1024 ut
1033 958 1141 1024 omnia
1164 959 1265 1044 possit
1279 959 1558 1043 comprehendere,

439 1081 555 1146 idcirco
579 1081 753 1147 cavendum
772 1102 839 1146 esse
861 1081 895 1146 in
919 1081 979 1146 hac
1001 1084 1070 1147 arte
1093 1081 1226 1146 animia
1246 1081 1426 1168 diligentia.
1450 1083 1558 1170 Igitur

441 1203 589 1290 vulgaria
618 1203 807 1269 elocutionis
840 1204 1099 1290 inventionisque
1123 1209 1293 1289 praccepta
1323 1206 1462 1271 breviter
1484 1228 1558 1289 per-

441 1328 562 1405 eurrit3
595 1350 677 1412 quae
712 1349 786 1393 vero
820 1327 1023 1412 postulentur
1056 1329 1090 1393 in
1124 1328 1260 1394 historia
1295 1329 1453 1406 virtutes,
1476 1351 1557 1413 quae

439 1451 586 1517 infinitae
609 1451 810 1536 quaestiones
842 1451 1176 1535 comprehendendae,
1199 1451 1312 1536 quanti
1342 1451 1486 1516 facienda
1516 1452 1559 1516 sit

441 1575 580 1658 prudens
604 1596 799 1640 summoram
830 1578 995 1640 oratorum
1022 1574 1183 1653 imitatio,
1207 1575 1263 1658 qui
1290 1595 1458 1640 causarum
1481 1595 1558 1659 cog-

442 1697 522 1762 nitio
552 1698 765 1783 acquirenda,
789 1697 916 1782 quando
951 1702 984 1763 et
1017 1704 1176 1783 quatenus
1205 1699 1329 1763 animos
1358 1720 1558 1764 commovere

442 1826 609 1906 oporteat,
635 1821 739 1905 qualis
762 1821 805 1887 sit
833 1821 962 1888 selectio
996 1826 1029 1886 et
1063 1824 1141 1888 ordo
1172 1827 1454 1909 argumentorum:
1478 1822 1558 1886 haee

442 1945 660 2030 copiosissime
683 1948 715 2010 et
739 1945 972 2030 sapientissime
995 1946 1144 2029 explieat.
1180 1945 1359 2024 Exeursus,
1382 1949 1420 2010 ut
1450 1946 1557 2029 ajunt,

441 2066 604 2150 aptissime
629 2067 741 2132 inserti
763 2067 802 2131 de
826 2066 1019 2134 Graecorum
1043 2069 1214 2149 historicis,
1237 2069 1429 2147 oratoribus,
1453 2069 1559 2154 philo-

441 2188 561 2273 sophis,
571 2211 720 2275 maguam
728 2211 911 2274 eam,quam
919 2191 1118 2258 dissimulare
1126 2193 1333 2277 ipsesolebat‚
1346 2193 1557 2258 eruditionem

443 2314 685 2391 commendant3
709 2313 849 2397 ejusdem
875 2316 1045 2381 oratoriam
1070 2317 1207 2402 gloriam
1229 2317 1394 2401 praeclara
1413 2317 1559 2401 exempla

442 2458 481 2501 ex
491 2437 635 2502 oratione
644 2437 676 2501 in
690 2437 879 2516 Carbonem,
888 2461 926 2502 ex
935 2439 1277 2517 defensioneNorbani,
1286 2441 1423 2525 repetita
1435 2440 1558 2526 magni-

441 2559 818 2626 ficerenovant.Tantam
828 2561 963 2647 denique
971 2561 1133 2642 historiae,
1142 2563 1559 2649 litterarum,philosopbiae

442 2681 607 2748 scientiam
630 2683 761 2750 exhibet
783 2689 831 2763 ut,
855 2685 910 2770 qui
933 2686 1079 2765 audiunt,
1092 2687 1175 2752 hano
1197 2687 1403 2766 admirantes,
1415 2688 1484 2771 jam
1499 2687 1559 2752 mi·

441 2805 506 2870 rari
529 2807 687 2888 desinant,
711 2808 796 2891 quod
819 2807 924 2873 multo
947 2810 1051 2896 magis
1069 2815 1145 2876 ante
1163 2810 1376 2887 mirabantur3
1390 2832 1474 2889 eum,
1487 2832 1558 2875 oum

441 2927 521 2994 haec
543 2929 701 3010 nesciret,
726 2933 761 2996 in
786 2931 918 2999 dicendo
943 2955 1038 3019 posse
1060 2939 1200 3000 tantum.

486 3052 663 3139 Postquam
687 3054 849 3121 Antonius
867 3057 1104 3140 peroravit,—
1124 3059 1163 3124 de
1185 3059 1308 3124 facetiis
1330 3079 1502 3143 earumque
1526 3057 1558 3122 in

442 3176 642 3243 orationibus
667 3201 741 3257 usu,
771 3179 987 3263 copiosissime
1014 3181 1157 3266 disputat
1183 3180 1318 3259 Caesar,
1347 3202 1411 3265 quo
1442 3203 1558 3246 »nemo

442 3323 585 3385 unquam
596 3303 792 3381 urbanitate,
807 3325 901 3368 nemo
913 3303 1032 3388 lepore,
1049 3328 1141 3370 nemo
1153 3306 1313 3370 suavitate
1326 3305 1515 3371 conditior.’'
1532 3305 1558 3393 ¹)

441 3423 588 3510 Rogatus
601 3429 650 3490 est
662 3426 758 3505 enim,
772 3431 808 3492 ut
819 3449 856 3491 ca
868 3449 950 3510 quae
974 3429 1011 3491 de
1023 3427 1112 3506 locis,
1135 3429 1190 3512 qui
1208 3428 1350 3495 valerent
1367 3429 1406 3493 ad
1418 3451 1558 3495 commo-

441 3547 579 3612 vendum
602 3549 912 3635 conciliandumque,
935 3551 1188 3635 disputarentur,
1202 3552 1263 3618 hac
1286 3555 1478 3619 tractatione
1501 3554 1558 3619 ab·

440 3670 588 3736 solveret.
614 3672 703 3748 Quae
720 3674 847 3758 quidem
859 3676 942 3754 ideo,
959 3676 993 3740 ni
1005 3676 1111 3756 fallor,
1130 3677 1241 3743 Cicero
1258 3677 1345 3744 hisce
1359 3679 1557 3744 sermonibus

441 3796 600 3862 uberrime
631 3802 770 3864 tractata
800 3799 926 3878 voluit,
957 3803 994 3864 ut
1024 3821 1118 3863 suum
1146 3800 1323 3868 dicacitatis
1353 3803 1496 3867 studium
1526 3809 1558 3868 et

441 3919 642 4004 frequentem
665 3922 853 3988 facetiarum
877 3946 969 3990 usum
982 3923 1189 4006 antiquorum
1201 3927 1394 3992 auctoritate
1406 3931 1439 3992 et
1452 3950 1558 3992 exem·

439 4043 501 4127 plis
520 4045 758 4111 commendaret
770 4053 867 4130 atque
889 4048 1080 4113 defenderet.
1104 4047 1187 4114 Nam
1212 4071 1251 4114 ex
1274 4051 1474 4126 Quintiliano
1497 4073 1557 4116 au·

440 4166 545 4234 dimus
569 4164 698 4239 daucos
720 4169 813 4237 illum
836 4173 963 4255 γελοῖον
987 4171 1090 4236 risum
1104 4194 1171 4238 esse
1187 4173 1352 4242 nonnullis
1368 4175 1505 4241 nimium
1523 4176 1558 4243 in

440 4364 601 4378 m

475 4452 503 4528 1)
521 4455 620 4514 brutus
637 4458 699 4514 177.
