3432 5498
721 649 763 714 63

174 867 357 949 apparent3
382 861 419 927 ao
442 862 687 948 prudentissima
709 864 795 927 certe
818 884 855 927 ea
878 866 927 927 est
960 859 1180 947 investigatio,
1216 881 1297 944 quae

174 986 310 1052 scholae
332 987 399 1052 sint
419 987 523 1074 magis
546 986 666 1052 oratori
690 985 889 1069 conjunctae.
911 984 1001 1050 Juris
1022 988 1129 1049 autern
1148 984 1299 1051 scientiae

176 1110 362 1176 siveoivilis
384 1110 452 1176 sive
473 1109 604 1195 publici,
628 1131 723 1194 quam
743 1109 809 1174 sint
832 1109 939 1194 periti,
962 1108 1210 1174 clarissimarum
1223 1132 1298 1176 oau-

176 1257 288 1302 sarum
312 1235 573 1300 commemoratio
607 1235 815 1299 demonstrat.
851 1233 959 1317 Atque
984 1233 1052 1318 ipse
1085 1232 1142 1299 ille
1176 1255 1298 1314 sermo,

175 1382 243 1445 quo
265 1358 427 1425 Antonius
451 1359 624 1426 multarum
648 1380 756 1424 rerum
779 1356 945 1422 seientiam
973 1379 993 1421 a
1023 1356 1157 1422 dicentis
1191 1358 1297 1424 studio

175 1488 338 1562 removet,
363 1505 515 1569 quorsum
538 1483 664 1549 tendit?
687 1482 750 1547 Pro
774 1503 893 1567 magna
921 1479 979 1545 illa
1001 1480 1179 1546 eruditione
1201 1486 1298 1567 atque

178 1608 308 1692 copiosa
331 1607 496 1687 doctrina,
519 1630 582 1693 qua
604 1607 683 1673 haec
706 1605 808 1671 oratio
832 1603 976 1683 excellit,
1000 1603 1205 1670 vehementer
1238 1629 1296 1672 nos

177 1736 376 1810 commonet,
400 1754 456 1810 ne,
478 1732 505 1796 si
530 1731 657 1816 qnando
680 1730 781 1796 bonos
804 1734 947 1795 oratores
976 1728 1209 1809 invenerimus,
1241 1732 1296 1817 qui

176 1878 285 1922 rerum
308 1857 478 1922 seientiam
513 1860 662 1942 artesque
696 1854 845 1920 liberales
873 1859 1076 1919 contemnere
1111 1854 1295 1933 videantur,

175 1981 271 2047 facilc
295 1980 459 2048 credamus
482 2004 536 2047 eos
563 1982 657 2047 rudes
687 2003 755 2047 esse
783 2002 892 2046 carum
922 2001 1041 2055 rerum,
1064 1999 1202 2061 quarum
1225 1983 1294 2043 stu·

177 2105 265 2170 dium
289 2110 321 2172 et
344 2105 558 2194 cognitionem
583 2103 793 2171 dissimulent.

223 2229 324 2306 Quale
345 2233 454 2296 autem
477 2233 610 2295 ornatus
623 2250 725 2315 genus
737 2227 839 2313 magis
858 2229 999 2293 attentos
1010 2226 1114 2291 reddit
1129 2227 1294 2294 audientes

178 2356 212 2416 et
234 2351 361 2429 dociles,
386 2374 482 2437 quam
506 2351 587 2419 mira
609 2350 668 2416 illa
692 2372 817 2416 morum
839 2350 974 2416 comitas
986 2354 1019 2414 et
1034 2350 1150 2416 eximia
1162 2352 1293 2417 urbani·

179 2479 240 2555 tas,
263 2476 380 2560 quibus
403 2475 524 2564 singuli
547 2476 580 2541 in
603 2476 664 2540 hoc
697 2473 929 2540 humanissimo
963 2477 1055 2538 coetu
1090 2474 1294 2562 distinguun-

178 2601 253 2664 tur?
282 2599 433 2666 Gravitas
456 2599 515 2665 illa
549 2602 582 2665 et
616 2599 785 2665 maturitas
819 2599 853 2664 iu
884 2597 1018 2677 Crasso,
1048 2600 1142 2664 ardor
1173 2600 1293 2667 virilis·

178 2745 240 2808 que
263 2722 413 2789 alacritas
435 2722 470 2788 in
492 2722 654 2803 Antonio,
678 2723 812 2788 scientia
834 2728 942 2788 autem
966 2725 1184 2809 permagnam
1201 2730 1292 2791 utro·

178 2869 240 2931 que
263 2851 296 2912 et
318 2869 408 2913 amor
430 2846 527 2912 studii
551 2847 600 2912 sui
630 2847 698 2914 sine
731 2846 798 2913 ulla
831 2848 1034 2934 arrogantia3
1070 2851 1223 2916 severitas
1257 2853 1292 2917 in

178 2968 329 3035 Scaevola
352 2970 504 3036 comitate
526 2969 671 3048 condita,
694 2969 828 3056 Sulpicii
849 2973 956 3036 autem
980 2975 1012 3036 et
1027 2971 1142 3040 Cottae
1153 2975 1291 3042 discendi

178 3093 336 3177 cupiditas
359 3097 399 3158 et·
415 3094 529 3159 decora
552 3094 722 3171 modestia3
745 3094 903 3159 festivitas
915 3098 947 3160 et
958 3094 1082 3180 lepores
1096 3098 1129 3163 in
1146 3098 1290 3179 Caesare,

178 3255 221 3266 -
253 3238 350 3301 quam
379 3217 521 3282 suaviter
551 3239 609 3281 nos
641 3217 803 3296 afficiunt,
837 3241 933 3303 quarn
968 3225 1104 3288 venusta
1136 3223 1291 3290 varietate

178 3346 281 3408 totam
320 3341 565 3409 collocutionem
608 3343 815 3409 exhilarant?
851 3343 970 3410 Omnes
1004 3343 1109 3411 timidi
1143 3348 1297 3432 quodam·

178 3468 273 3534 modo
307 3473 340 3534 et
374 3469 467 3554 quasi
497 3469 592 3536 inviti
626 3471 665 3536 ad
700 3470 852 3537 aridiores
894 3474 1002 3556 partes
1045 3471 1295 3559 aggrediuntur:

177 3594 313 3675 τεχνικιί
334 3599 504 3680 praecepta
527 3600 559 3661 et
582 3596 672 3661 tarde
695 3597 884 3682 suscipiunt,
907 3601 940 3662 at
962 3594 1103 3662 flosculis
1126 3603 1297 3675 exornant,

177 3721 210 3781 et
233 3717 396 3784 celerrime
408 3724 609 3803 percurrunt.
621 3719 749 3786 Malunt
760 3721 793 3786 in
806 3721 1041 3787 amoenioribus
1056 3722 1189 3787 versari:
1203 3722 1296 3788 modo

176 3840 210 3904 in
233 3840 338 3907 media
361 3841 507 3921 Graecia,
529 3843 614 3909 inter
632 3844 751 3909 artium
774 3845 935 3911 antistites
947 3867 1190 3924 commoramur,
1202 3846 1296 3912 modo

176 3962 210 4027 in
223 3963 293 4029 foro
317 3964 464 4031 Romano
476 3966 697 4032 celeberrimas
708 3989 819 4033 causas
830 3967 976 4052 publicas
987 3969 1192 4054 privatasque
1204 3971 1296 4055 quasi

177 4107 283 4153 coram
307 4087 362 4175 agi
385 4089 553 4155 cernimus.

221 4211 311 4287 Quod
334 4212 362 4277 si
385 4211 595 4280 haecomnia
619 4237 677 4281 uos
701 4219 869 4304 tantopere
893 4217 1057 4285 oblectant
1079 4219 1296 4303 atquedeviu-

176 4335 276 4414 ciunt,
290 4358 387 4420 quam
399 4342 494 4425 grata
506 4343 600 4424 putas
613 4340 767 4407 Romanis
779 4364 817 4407 ea
828 4342 935 4422 fuisse,
960 4343 1077 4427 quibus
1093 4343 1295 4428 potissimum

175 4458 285 4530 Cicero
308 4462 490 4532 scribebat?
