3406 5496
988 651 1033 718 42

452 859 578 930 laverit.
609 861 694 929 Nam
716 863 953 950 philosophiam
976 867 1017 932 ob
1040 867 1134 934 hasce
1154 867 1295 935 rationes
1318 867 1470 936 excludit:
1484 870 1569 955 quod

453 985 618 1052 hominum
640 989 765 1054 animos
794 991 872 1055 satis
905 994 1021 1056 natura
1055 993 1134 1057 duce
1168 994 1359 1059 commoveri
1392 993 1567 1072 discamus,

451 1112 485 1173 et
507 1110 590 1194 quod
614 1111 879 1198 philosophorum
902 1115 1070 1180 decretae
1103 1116 1189 1180 vitae
1223 1116 1453 1181 consuetudine
1482 1121 1515 1184 et
1549 1141 1568 1182 a

452 1232 594 1297 moribus
622 1234 763 1300 civitatis
785 1236 971 1323 longissime
995 1236 1197 1304 abhorreant.
1221 1238 1310 1304 Juris
1335 1242 1442 1304 autem
1465 1242 1567 1307 scien-

451 1357 531 1421 tiam
554 1356 639 1422 haud
663 1357 763 1442 pluris
785 1361 950 1436 aestimat;
974 1362 1008 1426 in
1031 1363 1180 1428 maximis
1203 1364 1286 1428 enim
1310 1365 1424 1442 causis,
1444 1366 1568 1449 dequi-

452 1479 513 1545 bus
535 1481 629 1546 modo
653 1481 800 1562 Crassus,
824 1507 889 1550 non
912 1485 968 1568 qni
994 1486 1077 1570 juris
1100 1487 1213 1551 luisset
1242 1487 1396 1570 peritior,
1427 1489 1481 1553 sed
1513 1491 1568 1573 qui

452 1604 567 1670 melius
601 1605 745 1684 dixisset,
780 1609 976 1692 superiorem
1009 1610 1198 1674 discessisse.
1237 1609 1347 1685 »Quae
1384 1632 1481 1694 quam
1526 1614 1569 1677 sit

452 1726 555 1793 facilis
591 1765 619 1777 ·-
643 1730 690 1794 ita
712 1732 854 1814 perbelle
885 1735 1145 1818 jurisperitorum
1175 1735 1293 1800 tastum
1322 1739 1415 1799 notat
1445 1772 1484 1782 -
1519 1735 1569 1799 illi

453 1851 591 1917 viderint
613 1855 669 1937 qui
693 1854 762 1938 ejus
785 1857 864 1921 artis
887 1859 1082 1944 arrogantia,
1112 1859 1204 1942 quasi
1234 1859 1423 1924 difficillima
1446 1859 1499 1936 sit,
1522 1858 1569 1922 ita

454 1976 582 2041 subnixi
604 1977 807 2043 ambulant!’'
833 1979 873 2045 Se
908 1981 1019 2066 igitur,
1043 1982 1070 2045 si
1103 1982 1231 2065 quaudo
1264 2003 1392 2046 causam
1427 1982 1569 2064 aliquam
1673 2057 1674 2066 ἵ

455 2099 670 2165 obscuriorem
693 2124 790 2188 agere
813 2104 953 2182 deberet,
966 2104 1150 2170 Scaevolam
1174 2105 1335 2169 aditurum
1347 2126 1433 2179 esse;
1446 2103 1570 2196 relique

453 2245 539 2301 vero,
553 2224 741 2291 »historiam
753 2231 786 2292 et
796 2227 999 2311 prudentiam
1016 2229 1098 2312 juris
1109 2227 1230 2312 publici
1241 2233 1274 2293 et
1285 2228 1491 2313 antiquitatis
1503 2249 1571 2291 me·

453 2348 587 2414 moriam
604 2353 637 2413 et
649 2351 867 2436 exemplorum
889 2351 1044 2436 copiau1'',
1069 2353 1095 2416 si
1107 2351 1234 2436 quando
1246 2373 1326 2436 opus
1337 2356 1431 2429 esset,
1443 2353 1574 2416 mutua·

454 2475 564 2536 turum
583 2495 604 2537 a
618 2472 740 2561 Congo.
765 2474 878 2560 Neque
890 2480 998 2541 tamen
1010 2479 1106 2563 negat
1117 2475 1264 2559 prodesse
1277 2473 1376 2540 ullam
1388 2474 1572 2548 scientiam3

454 2596 530 2661 ›sed
546 2595 649 2661 multa
672 2597 779 2681 iuquit
801 2603 835 2662 et
858 2619 976 2685 magna
987 2602 1021 2664 et
1043 2597 1185 2663 difficilia
1207 2602 1283 2662 sunt
1295 2620 1342 2677 aa,
1355 2620 1438 2682 quae
1450 2597 1572 2662 oratori

454 2723 531 2786 sunt
552 2721 747 2799 necessaria,
771 2726 808 2786 ut
830 2723 897 2805 ejus
920 2722 1111 2787 industriam
1132 2723 1166 2786 in
1189 2722 1284 2806 plura
1313 2721 1421 2787 studia
1454 2721 1572 2787 distra-

453 2845 530 2910 here
560 2844 693 2909 nolim.”
717 2845 821 2921 Quare
843 2845 952 2930 potius
985 2846 1071 2930 ipsas
1101 2844 1232 2911 dicendi*
1259 2845 1503 2910 exercitationes
1535 2844 1571 2908 in

453 2969 569 3052 quibus
589 2969 710 3034 multus
732 2970 830 3034 fuerit
851 2969 1093 3047 Demosthenes,
1115 2967 1331 3053 maximopere
1350 2969 1571 3043 commendat3

454 3096 689 3170 ceteraautem,
713 3115 794 3178 quae
817 3093 882 3158 sint
904 3092 1040 3158 collecte
1063 3115 1102 3158 ex
1126 3093 1222 3157 variis
1245 3096 1278 3157 et
1300 3092 1433 3158 diversis
1455 3091 1572 3157 studiis

455 3221 488 3284 et
499 3217 634 3295 artibus,
657 3217 698 3282 ab
721 3217 858 3282 oratoris
883 3218 1015 3302 proprio
1039 3217 1144 3282 officio
1169 3221 1266 3302 atque
1279 3239 1410 3282 munere
1426 3217 1581 3300 sejuncta

454 3365 522 3408 esse
546 3311 731 3407 arbitratur.

499 3468 582 3532 Tum
605 3465 754 3533 Crassus:
781 3443 990 3550 ›Operariuni
1013 3466 1105 3530 nobis
1129 3466 1317 3549 quemdam,
1340 3463 1475 3543 Antoni,
1497 3486 1571 3529 ora·

454 3595 556 3657 torem
578 3592 667 3669 facis,
691 3596 787 3676 atque
810 3590 895 3655 haud
917 3590 993 3668 scic,
1018 3612 1059 3653 an
1083 3589 1177 3654 aliter
1200 3588 1319 3653 sentias
1343 3591 1375 3652 et
1398 3592 1490 3652 utare
1513 3590 1572 3651 tue

453 3713 511 3781 illa
534 3716 669 3781 mirifica
690 3716 731 3781 ad
755 3713 962 3780 refellendum
986 3712 1224 3789 consuetudine,
1248 3734 1311 3796 qua
1328 3711 1494 3776 tibinemo
1509 3734 1572 3775 un-

455 3863 551 3928 quam
576 3840 767 3925 praeatitit.”
790 3840 899 3922 Atque
923 3843 1120 3922 postpauca
1143 3836 1239 3902 verba
1260 3834 1399 3920 reliquos
1411 3855 1572 3900 sermones

454 3967 488 4030 iu
510 3969 673 4050 posterum
695 3963 778 4029 diem
802 3963 928 4027 differre
950 3960 1065 4045 placet.

501 4211 539 4275 In
562 4210 698 4297 prologo
722 4209 948 4293 disputationis
972 4207 1138 4284 secundae,
1160 4207 1198 4271 de
1224 4228 1297 4290 qua,
1317 4205 1468 4290 quoniam
1481 4225 1572 4289 mag-

455 4357 529 4401 nam
552 4339 677 4418 partem
699 4335 732 4398 in
755 4335 943 4421 asxuotoyi'q
966 4337 1121 4410 versatur,
1138 4330 1298 4396 breviores
1314 4351 1573 4413 essepossumus,

457 4457 566 4524 Cicero
589 4457 754 4543 praeclaro
775 4479 919 4523 sermone
943 4478 981 4521 ex
1003 4457 1159 4541 pueritiae
1187 4455 1323 4538 quadam
1353 4452 1573 4519 recordatione
