3432 5498
724 656 765 723 65

173 870 322 938 facultas
345 871 384 937 ad
399 871 653 957 persuadendum
669 872 884 949 accomodata,
902 893 978 936 vera
993 869 1157 966 ἐπιστήμη
1174 870 1302 948 existat,

176 998 438 1083 componendum
466 997 528 1062 erit
550 1001 690 1080 systema
718 995 848 1082 aliquod
882 995 1066 1071 doctrinae,
1099 995 1132 1060 iu
1165 1016 1228 1079 quo
1262 1017 1301 1060 ex

177 1121 299 1186 intima
323 1121 506 1207 cognitione
528 1119 745 1207 ingeniorum,
779 1119 948 1184 affectuum
973 1141 1162 1204 morumque
1185 1119 1302 1185 huma·

182 1267 299 1309 norum
334 1243 526 1329 colligatur,
558 1242 673 1326 quibus
707 1241 896 1319 sententiis,
918 1241 1045 1326 quibus,
1076 1243 1203 1322 verbis,
1237 1266 1301 1329 qua

181 1368 321 1446 actione,
348 1367 435 1431 varie
457 1365 623 1431 hominum
647 1386 765 1452 genera
787 1365 822 1431 iu
845 1365 942 1430 variis
960 1365 1121 1449 adjunctis
1137 1367 1301 1450 aptissime

184 1490 396 1565 edoceantur,
423 1488 637 1566 delectentur,
662 1491 943 1553 commoueantur:
971 1488 1057 1573 quod
1078 1511 1172 1554 nemo
1196 1490 1300 1556 adhuc

183 1614 275 1688 fecit,
306 1618 338 1678 et
361 1612 467 1677 nescio
497 1634 538 1675 an
561 1609 657 1697 louge
680 1611 812 1676 excedat
842 1610 1015 1676 humanam
1037 1611 1298 1699 intelligentiam.

230 1737 290 1802 Sed
313 1736 401 1801 illam
414 1734 538 1799 dicendi
551 1738 653 1798 artem
669 1738 790 1812 tuetur,
806 1756 888 1818 quae
904 1734 948 1798 sit
962 1741 1070 1824 τέχνη,
1087 1736 1163 1815 sive,
1176 1741 1213 1802 ut
1224 1759 1296 1804 cum

184 1861 355 1928 cornificio
379 1860 560 1944 loquamur,
585 1858 798 1943 »praeceptio
819 1879 902 1942 quae
928 1857 984 1924 dat
997 1864 1117 1926 certam
1138 1861 1223 1927 viem
1246 1883 1300 1928 ra·

183 1986 368 2068 tionemque
391 1983 561 2050 faciendi.”
585 1984 672 2058 Quae
694 2005 766 2048 cum
791 2006 810 2048 a
833 1987 950 2049 natura
972 1984 1115 2070 profecta
1135 1986 1188 2064 sit,
1212 2009 1299 2052 com-

184 2107 336 2193 plectitur
360 2129 418 2184 ea,
443 2128 524 2190 quae
547 2106 717 2170 observata
739 2109 814 2170 sunt
837 2105 870 2170 in
894 2129 952 2170 usu
976 2127 1013 2171 ac
1035 2111 1228 2176 tractatione
1250 2112 1298 2176 di·

183 2232 283 2309 cendi,
303 2254 386 2316 quae
409 2231 449 2295 ab
474 2229 656 2295 hominibus
679 2229 801 2294 callidis
820 2252 857 2295 ec
870 2230 1299 2315 peritissuntanimadverse

182 2377 221 2420 ac
252 2360 380 2433 notata,
410 2353 514 2417 verbis
545 2353 730 2439 designata,
760 2353 932 2440 generibus
953 2352 1128 2435 illustrata,
1150 2359 1298 2440 pertibus

183 2479 363 2543 distributo.
399 2477 447 2540 De
478 2476 509 2539 vi
540 2479 648 2540 autem
680 2481 713 2540 et
737 2475 878 2540 utilitate
909 2477 1091 2560 hujusmodi
1113 2480 1299 2566 disciplinae

182 2603 262 2667 haec
295 2604 344 2665 est
368 2601 437 2684 ejus
460 2599 637 2663 sententia:
669 2621 864 2683 quamquem
893 2600 963 2685 ipsa
993 2623 1051 2686 per
1079 2625 1114 2668 se
1138 2606 1297 2673 nemiuem

181 2726 280 2792 faciat
303 2725 523 2808 eloquentem,
554 2726 587 2787 et
613 2723 679 2787 sint
709 2721 773 2787 alia
795 2723 951 2806 quaedam
981 2726 1020 2790 ad
1044 2730 1297 2813 consequendam

181 2850 397 2934 eloquentiam
422 2848 562 2932 majora,
583 2846 748 2932 possitque
768 2847 853 2926 fieri,
878 2852 916 2913 ut
938 2848 1009 2931 quis
1034 2851 1101 2916 sine
1123 2854 1193 2938 ipsa
1216 2855 1296 2922 bene

179 2975 275 3051 dicat,
298 2973 417 3062 (neque
441 2973 526 3038 enim
549 2971 732 3056 eloquentia
755 2994 793 3036 ex
805 2971 941 3037 artificio
961 2974 1015 3038 sed
1035 2996 1087 3040 ars
1103 2981 1151 3041 est
1170 3001 1208 3043 ex
1228 2979 1295 3046 elo·

179 3099 311 3187 quentia
335 3099 426 3184 nata)
450 3120 518 3162 esse
541 3102 648 3163 tamen
673 3096 759 3161 haud
781 3097 941 3175 inutilem,
954 3120 1022 3163 esse
1041 3102 1148 3166 tamen
1166 3104 1206 3168 ad
1219 3125 1295 3190 cog·

178 3224 369 3288 noscendum
395 3223 479 3287 haud
503 3222 703 3286 illiberalem.
729 3220 810 3286 Cum
833 3223 918 3287 enim
931 3227 1058 3302 natura,
1069 3225 1184 3305 studio,
1203 3249 1293 3294 exer·

178 3348 330 3412 citatione
360 3347 594 3431 consequimur,
619 3347 696 3431 quid
726 3347 887 3412 dicamus:
914 3352 1016 3413 artem
1047 3347 1207 3428 indicare,
1237 3353 1293 3418 ubi

177 3493 367 3556 quaeramus
391 3475 423 3535 et
447 3493 511 3555 qua
529 3471 586 3534 uia
610 3470 769 3535 tutissime
791 3472 948 3555 possimus
973 3472 1126 3538 incedere.
1159 3473 1293 3542 »Studia

177 3596 273 3673 enim,
284 3594 401 3680 inquit,
414 3594 496 3660 nihil
514 3597 650 3678 prosunt
669 3594 873 3677 perveniendi
889 3593 1008 3679 aliquo,
1021 3598 1083 3663 nisi
1101 3599 1191 3680 illud,
1204 3604 1289 3687 quod

176 3741 224 3798 co,
247 3741 310 3803 quo
334 3720 492 3797 intendas,
514 3720 598 3783 ferat
620 3719 816 3803 deducatque
840 3719 1018 3805 cognoris''.

219 3844 391 3927 Apparuit,
415 3844 449 3908 ni
475 3842 581 3921 fallor,
606 3842 772 3908 consilium
796 3842 911 3906 horum
934 3842 1091 3912 librorum
1115 3851 1289 3918 rectissime

175 3992 194 4034 a
218 3967 369 4034 Cicerone
388 3969 604 4054 significatum
628 3989 712 4045 esse,
736 3988 808 4031 cum
832 3967 968 4032 diceret:
994 3969 1099 4035 »Illud
1122 3977 1170 4037 est
1193 3974 1288 4060 hujus

173 4091 316 4162 instituti
340 4095 437 4175 atque
460 4092 612 4176 temporis
635 4090 793 4155 neminem
816 4091 1001 4176 eloquentia
1023 4116 1087 4160 nou
1111 4097 1204 4162 modo
1219 4100 1287 4165 sine

172 4215 297 4281 dicendi
319 4216 476 4293 doctrina,
503 4215 558 4279 sed
581 4237 620 4278 ne
643 4215 711 4278 sine
735 4216 822 4279 omni
846 4216 973 4299 quidem
996 4189 1153 4303 supientia
1175 4222 1287 4288 florere

172 4363 323 4425 umquam
339 4345 371 4404 et
395 4343 558 4424 praestare
580 4339 754 4423 potuisse.”
780 4339 958 4424 Utrumque
977 4342 1060 4406 enim
1082 4347 1201 4410 oratori
1218 4349 1287 4413 viu·

170 4466 311 4534 dicatum
335 4469 401 4544 est3
434 4468 467 4531 et
488 4463 634 4554 quamvis
655 4463 809 4531 doctrinis
833 4468 865 4532 et
888 4465 1062 4552 disciplinis
1085 4471 1175 4556 quasi
1200 4475 1287 4568 priof

1197 4581 1214 4638 5
