<?xml version="1.0" encoding="UTF-8"?>
<!DOCTYPE html PUBLIC "-//W3C//DTD XHTML 1.0 Transitional//EN"
    "http://www.w3.org/TR/xhtml1/DTD/xhtml1-transitional.dtd">
<html xmlns="http://www.w3.org/1999/xhtml" xml:lang="en" lang="en">
 <head>
  <title>
</title>
<meta http-equiv="Content-Type" content="text/html;charset=utf-8" />
  <meta name='ocr-system' content='tesseract 3.04.00' />
  <meta name='ocr-capabilities' content='ocr_page ocr_carea ocr_par ocr_line ocrx_word'/>
</head>
<body>
  <div class='ocr_page' id='page_1' title='image "./demtulliicicero00vessgoog_0079.png"; bbox 0 0 3432 5498; ppageno 0'>
   <div class='ocr_carea' id='block_1_1' title="bbox 956 653 998 720">
    <p class='ocr_par' dir='ltr' id='par_1_1' title="bbox 956 653 998 720">
     <span class='ocr_line' id='line_1_1' title="bbox 956 653 998 720; baseline 0 0"><span class='ocrx_word' id='word_1_1' title='bbox 956 653 998 720; x_wconf 85' lang='grc'><strong>68</strong></span> 
     </span>
    </p>
   </div>
   <div class='ocr_carea' id='block_1_2' title="bbox 357 866 1541 4426">
    <p class='ocr_par' dir='ltr' id='par_1_2' title="bbox 415 866 1541 1200">
     <span class='ocr_line' id='line_1_2' title="bbox 416 866 1541 954; baseline -0.004 -18"><span class='ocrx_word' id='word_1_2' title='bbox 416 868 456 936; x_wconf 88' lang='lat' dir='ltr'><strong>ad</strong></span> <span class='ocrx_word' id='word_1_3' title='bbox 478 889 588 934; x_wconf 90' lang='lat' dir='ltr'><strong>eorum</strong></span> <span class='ocrx_word' id='word_1_4' title='bbox 613 887 709 953; x_wconf 90' lang='lat' dir='ltr'><strong>opera</strong></span> <span class='ocrx_word' id='word_1_5' title='bbox 732 867 923 933; x_wconf 84' lang='lat' dir='ltr'><strong>conferenda</strong></span> <span class='ocrx_word' id='word_1_6' title='bbox 946 866 1157 954; x_wconf 79' lang='lat' dir='ltr'><strong>aggrediaris,</strong></span> <span class='ocrx_word' id='word_1_7' title='bbox 1180 867 1236 952; x_wconf 91' lang='lat' dir='ltr'><strong>qui</strong></span> <span class='ocrx_word' id='word_1_8' title='bbox 1255 866 1541 933; x_wconf 71' lang='lat' dir='ltr'><strong>mirimodiuersis</strong></span> 
     </span>
     <span class='ocr_line' id='line_1_3' title="bbox 415 990 1541 1080; baseline -0.003 -22"><span class='ocrx_word' id='word_1_9' title='bbox 415 993 577 1059; x_wconf 87' lang='lat' dir='ltr'><strong>aetatibus</strong></span> <span class='ocrx_word' id='word_1_10' title='bbox 600 997 658 1058; x_wconf 92' lang='lat' dir='ltr'><strong>aut</strong></span> <span class='ocrx_word' id='word_1_11' title='bbox 681 991 868 1080; x_wconf 89' lang='lat' dir='ltr'><strong>regionibus</strong></span> <span class='ocrx_word' id='word_1_12' title='bbox 891 990 1078 1056; x_wconf 88' lang='lat' dir='ltr'><strong>floruerint:</strong></span> <span class='ocrx_word' id='word_1_13' title='bbox 1101 990 1176 1057; x_wconf 93' lang='lat' dir='ltr'><strong>illos</strong></span> <span class='ocrx_word' id='word_1_14' title='bbox 1198 1013 1337 1076; x_wconf 90' lang='lat' dir='ltr'><strong>quoque,</strong></span> <span class='ocrx_word' id='word_1_15' title='bbox 1360 1013 1439 1077; x_wconf 92' lang='lat' dir='ltr'><strong>quos</strong></span> <span class='ocrx_word' id='word_1_16' title='bbox 1450 990 1541 1056; x_wconf 83' lang='lat' dir='ltr'><strong>inter</strong></span> 
     </span>
     <span class='ocr_line' id='line_1_4' title="bbox 415 1115 1443 1200; baseline -0.003 -17"><span class='ocrx_word' id='word_1_17' title='bbox 415 1139 484 1183; x_wconf 90' lang='lat' dir='ltr'><strong>sese</strong></span> <span class='ocrx_word' id='word_1_18' title='bbox 506 1139 570 1182; x_wconf 92' lang='lat' dir='ltr'><strong>non</strong></span> <span class='ocrx_word' id='word_1_19' title='bbox 594 1117 722 1182; x_wconf 87' lang='lat' dir='ltr'><strong>novisse</strong></span> <span class='ocrx_word' id='word_1_20' title='bbox 745 1119 888 1194; x_wconf 79' lang='lat' dir='ltr'><strong>constat,</strong></span> <span class='ocrx_word' id='word_1_21' title='bbox 912 1116 946 1181; x_wconf 93' lang='lat' dir='ltr'><strong>in</strong></span> <span class='ocrx_word' id='word_1_22' title='bbox 969 1115 1081 1182; x_wconf 87' lang='lat' dir='ltr'><strong>multis</strong></span> <span class='ocrx_word' id='word_1_23' title='bbox 1105 1116 1274 1181; x_wconf 82' lang='lat' dir='ltr'><strong>convenire</strong></span> <span class='ocrx_word' id='word_1_24' title='bbox 1296 1116 1443 1200; x_wconf 83' lang='lat' dir='ltr'><strong>reperies.</strong></span> 
     </span>
    </p>

    <p class='ocr_par' dir='ltr' id='par_1_3' title="bbox 357 1237 1540 4302">
     <span class='ocr_line' id='line_1_5' title="bbox 458 1237 1539 1327; baseline -0.005 -20"><span class='ocrx_word' id='word_1_25' title='bbox 458 1240 573 1327; x_wconf 82' lang='lat' dir='ltr'><strong>Neque</strong></span> <span class='ocrx_word' id='word_1_26' title='bbox 597 1241 751 1326; x_wconf 90' lang='lat' dir='ltr'><strong>estquod</strong></span> <span class='ocrx_word' id='word_1_27' title='bbox 774 1241 945 1316; x_wconf 68' lang='lat' dir='ltr'><strong>miramon</strong></span> <span class='ocrx_word' id='word_1_28' title='bbox 968 1242 1045 1306; x_wconf 90' lang='lat' dir='ltr'><strong>sunt</strong></span> <span class='ocrx_word' id='word_1_29' title='bbox 1075 1239 1161 1304; x_wconf 89' lang='lat' dir='ltr'><strong>euim</strong></span> <span class='ocrx_word' id='word_1_30' title='bbox 1194 1240 1298 1305; x_wconf 91' lang='lat' dir='ltr'><strong>multa</strong></span> <span class='ocrx_word' id='word_1_31' title='bbox 1332 1239 1366 1305; x_wconf 94' lang='lat' dir='ltr'><strong>in</strong></span> <span class='ocrx_word' id='word_1_32' title='bbox 1400 1237 1539 1304; x_wconf 89' lang='lat' dir='ltr'><strong>historia</strong></span> 
     </span>
     <span class='ocr_line' id='line_1_6' title="bbox 415 1362 1539 1453; baseline -0.004 -22"><span class='ocrx_word' id='word_1_33' title='bbox 415 1369 507 1453; x_wconf 90' lang='lat' dir='ltr'><strong>gesta</strong></span> <span class='ocrx_word' id='word_1_34' title='bbox 529 1364 688 1449; x_wconf 85' lang='lat' dir='ltr'><strong>dictaque,</strong></span> <span class='ocrx_word' id='word_1_35' title='bbox 711 1365 749 1430; x_wconf 91' lang='lat' dir='ltr'><strong>de</strong></span> <span class='ocrx_word' id='word_1_36' title='bbox 772 1364 996 1450; x_wconf 89' lang='lat' dir='ltr'><strong>quibuslonge</strong></span> <span class='ocrx_word' id='word_1_37' title='bbox 1019 1385 1076 1449; x_wconf 89' lang='lat' dir='ltr'><strong>per</strong></span> <span class='ocrx_word' id='word_1_38' title='bbox 1098 1363 1209 1429; x_wconf 89' lang='lat' dir='ltr'><strong>orbem</strong></span> <span class='ocrx_word' id='word_1_39' title='bbox 1219 1362 1307 1430; x_wconf 84' lang='lat' dir='ltr'><strong>fama</strong></span> <span class='ocrx_word' id='word_1_40' title='bbox 1318 1362 1539 1448; x_wconf 83' lang='lat' dir='ltr'><strong>percrebruit;</strong></span> 
     </span>
     <span class='ocr_line' id='line_1_7' title="bbox 415 1485 1539 1574; baseline -0.003 -20"><span class='ocrx_word' id='word_1_41' title='bbox 415 1489 517 1555; x_wconf 89' lang='lat' dir='ltr'><strong>multa</strong></span> <span class='ocrx_word' id='word_1_42' title='bbox 540 1492 617 1554; x_wconf 87' lang='lat' dir='ltr'><strong>suut</strong></span> <span class='ocrx_word' id='word_1_43' title='bbox 634 1492 785 1554; x_wconf 73' lang='lat' dir='ltr'><strong>aeternae</strong></span> <span class='ocrx_word' id='word_1_44' title='bbox 807 1487 888 1574; x_wconf 89' lang='lat' dir='ltr'><strong>legis</strong></span> <span class='ocrx_word' id='word_1_45' title='bbox 911 1490 1094 1573; x_wconf 75' lang='lat' dir='ltr'><strong>praecepte,</strong></span> <span class='ocrx_word' id='word_1_46' title='bbox 1117 1485 1221 1552; x_wconf 91' lang='lat' dir='ltr'><strong>multa</strong></span> <span class='ocrx_word' id='word_1_47' title='bbox 1244 1487 1278 1552; x_wconf 88' lang='lat' dir='ltr'><strong>in</strong></span> <span class='ocrx_word' id='word_1_48' title='bbox 1302 1489 1539 1553; x_wconf 87' lang='lat' dir='ltr'><strong>rerumnatnra</strong></span> 
     </span>
     <span class='ocr_line' id='line_1_8' title="bbox 414 1611 1540 1698; baseline -0.003 -20"><span class='ocrx_word' id='word_1_49' title='bbox 414 1614 591 1692; x_wconf 85' lang='lat' dir='ltr'><strong>observata,</strong></span> <span class='ocrx_word' id='word_1_50' title='bbox 616 1634 699 1696; x_wconf 89' lang='lat' dir='ltr'><strong>quac</strong></span> <span class='ocrx_word' id='word_1_51' title='bbox 722 1613 880 1690; x_wconf 89' lang='lat' dir='ltr'><strong>omnibus,</strong></span> <span class='ocrx_word' id='word_1_52' title='bbox 905 1611 1436 1698; x_wconf 81' lang='lat' dir='ltr'><strong>naturamagistra,innotescunt3</strong></span> <span class='ocrx_word' id='word_1_53' title='bbox 1451 1611 1540 1676; x_wconf 88' lang='lat' dir='ltr'><strong>mul·</strong></span> 
     </span>
     <span class='ocr_line' id='line_1_9' title="bbox 414 1735 1538 1821; baseline -0.003 -18"><span class='ocrx_word' id='word_1_54' title='bbox 414 1741 467 1803; x_wconf 89' lang='lat' dir='ltr'><strong>tae</strong></span> <span class='ocrx_word' id='word_1_55' title='bbox 490 1738 589 1802; x_wconf 88' lang='lat' dir='ltr'><strong>etiam</strong></span> <span class='ocrx_word' id='word_1_56' title='bbox 612 1759 673 1814; x_wconf 89' lang='lat' dir='ltr'><strong>res,</strong></span> <span class='ocrx_word' id='word_1_57' title='bbox 697 1737 834 1821; x_wconf 89' lang='lat' dir='ltr'><strong>quaein</strong></span> <span class='ocrx_word' id='word_1_58' title='bbox 860 1736 921 1802; x_wconf 89' lang='lat' dir='ltr'><strong>hac</strong></span> <span class='ocrx_word' id='word_1_59' title='bbox 944 1736 1153 1803; x_wconf 79' lang='lat' dir='ltr'><strong>universitate</strong></span> <span class='ocrx_word' id='word_1_60' title='bbox 1164 1735 1297 1802; x_wconf 83' lang='lat' dir='ltr'><strong>auribus</strong></span> <span class='ocrx_word' id='word_1_61' title='bbox 1309 1735 1450 1802; x_wconf 89' lang='lat' dir='ltr'><strong>oculisve</strong></span> <span class='ocrx_word' id='word_1_62' title='bbox 1461 1757 1538 1820; x_wconf 91' lang='lat' dir='ltr'><strong>per·</strong></span> 
     </span>
     <span class='ocr_line' id='line_1_10' title="bbox 414 1859 1537 1946; baseline -0.002 -20"><span class='ocrx_word' id='word_1_63' title='bbox 414 1861 590 1946; x_wconf 83' lang='lat' dir='ltr'><strong>cipiantur,</strong></span> <span class='ocrx_word' id='word_1_64' title='bbox 613 1861 705 1946; x_wconf 82' lang='lat' dir='ltr'><strong>quasi</strong></span> <span class='ocrx_word' id='word_1_65' title='bbox 728 1883 786 1926; x_wconf 81' lang='lat' dir='ltr'><strong>aua</strong></span> <span class='ocrx_word' id='word_1_66' title='bbox 808 1866 924 1946; x_wconf 86' lang='lat' dir='ltr'><strong>sponte</strong></span> <span class='ocrx_word' id='word_1_67' title='bbox 935 1883 1003 1928; x_wconf 86' lang='lat' dir='ltr'><strong>sese</strong></span> <span class='ocrx_word' id='word_1_68' title='bbox 1026 1861 1165 1926; x_wconf 85' lang='lat' dir='ltr'><strong>offerunt</strong></span> <span class='ocrx_word' id='word_1_69' title='bbox 1189 1866 1353 1945; x_wconf 89' lang='lat' dir='ltr'><strong>tamquam</strong></span> <span class='ocrx_word' id='word_1_70' title='bbox 1378 1859 1537 1946; x_wconf 84' lang='lat' dir='ltr'><strong>imagines</strong></span> 
     </span>
     <span class='ocr_line' id='line_1_11' title="bbox 415 1984 1536 2073; baseline -0.003 -23"><span class='ocrx_word' id='word_1_71' title='bbox 415 1990 448 2050; x_wconf 89' lang='lat' dir='ltr'><strong>et</strong></span> <span class='ocrx_word' id='word_1_72' title='bbox 468 1986 588 2073; x_wconf 84' lang='lat' dir='ltr'><strong>figuras</strong></span> <span class='ocrx_word' id='word_1_73' title='bbox 611 1989 680 2050; x_wconf 90' lang='lat' dir='ltr'><strong>tum</strong></span> <span class='ocrx_word' id='word_1_74' title='bbox 703 1986 802 2051; x_wconf 91' lang='lat' dir='ltr'><strong>animi</strong></span> <span class='ocrx_word' id='word_1_75' title='bbox 823 1989 981 2064; x_wconf 90' lang='lat' dir='ltr'><strong>motuum,</strong></span> <span class='ocrx_word' id='word_1_76' title='bbox 1004 2007 1084 2071; x_wconf 87' lang='lat' dir='ltr'><strong>quos</strong></span> <span class='ocrx_word' id='word_1_77' title='bbox 1107 1984 1291 2069; x_wconf 86' lang='lat' dir='ltr'><strong>experimur</strong></span> <span class='ocrx_word' id='word_1_78' title='bbox 1313 2005 1441 2061; x_wconf 91' lang='lat' dir='ltr'><strong>omnes,</strong></span> <span class='ocrx_word' id='word_1_79' title='bbox 1464 1988 1536 2048; x_wconf 88' lang='lat' dir='ltr'><strong>tum</strong></span> 
     </span>
     <span class='ocr_line' id='line_1_12' title="bbox 414 2108 1537 2194; baseline -0.002 -19"><span class='ocrx_word' id='word_1_80' title='bbox 414 2109 551 2175; x_wconf 90' lang='lat' dir='ltr'><strong>aliarum</strong></span> <span class='ocrx_word' id='word_1_81' title='bbox 573 2132 682 2175; x_wconf 89' lang='lat' dir='ltr'><strong>rernm</strong></span> <span class='ocrx_word' id='word_1_82' title='bbox 705 2133 725 2176; x_wconf 97' lang='lat' dir='ltr'><strong>a</strong></span> <span class='ocrx_word' id='word_1_83' title='bbox 747 2110 893 2176; x_wconf 89' lang='lat' dir='ltr'><strong>sensibus</strong></span> <span class='ocrx_word' id='word_1_84' title='bbox 915 2114 1128 2188; x_wconf 88' lang='lat' dir='ltr'><strong>remotarum,</strong></span> <span class='ocrx_word' id='word_1_85' title='bbox 1151 2131 1231 2194; x_wconf 92' lang='lat' dir='ltr'><strong>quas</strong></span> <span class='ocrx_word' id='word_1_86' title='bbox 1261 2108 1394 2174; x_wconf 89' lang='lat' dir='ltr'><strong>dicendo</strong></span> <span class='ocrx_word' id='word_1_87' title='bbox 1428 2108 1537 2193; x_wconf 81' lang='lat' dir='ltr'><strong>expri-</strong></span> 
     </span>
     <span class='ocr_line' id='line_1_13' title="bbox 415 2232 1536 2317; baseline -0.004 -18"><span class='ocrx_word' id='word_1_88' title='bbox 415 2255 501 2299; x_wconf 89' lang='lat' dir='ltr'><strong>mere</strong></span> <span class='ocrx_word' id='word_1_89' title='bbox 525 2233 682 2298; x_wconf 84' lang='lat' dir='ltr'><strong>volumus.</strong></span> <span class='ocrx_word' id='word_1_90' title='bbox 705 2232 752 2299; x_wconf 88' lang='lat' dir='ltr'><strong>Ut</strong></span> <span class='ocrx_word' id='word_1_91' title='bbox 775 2233 911 2298; x_wconf 90' lang='lat' dir='ltr'><strong>arduum</strong></span> <span class='ocrx_word' id='word_1_92' title='bbox 934 2236 993 2312; x_wconf 88' lang='lat' dir='ltr'><strong>est,</strong></span> <span class='ocrx_word' id='word_1_93' title='bbox 1014 2272 1054 2282; x_wconf 93' lang='lat'><em>-</em></span> <span class='ocrx_word' id='word_1_94' title='bbox 1073 2256 1147 2298; x_wconf 90' lang='lat' dir='ltr'><strong>nam</strong></span> <span class='ocrx_word' id='word_1_95' title='bbox 1160 2233 1198 2297; x_wconf 92' lang='lat' dir='ltr'><strong>de</strong></span> <span class='ocrx_word' id='word_1_96' title='bbox 1219 2232 1322 2317; x_wconf 69' lang='lat' dir='ltr'><strong>poetis</strong></span> <span class='ocrx_word' id='word_1_97' title='bbox 1336 2232 1536 2298; x_wconf 90' lang='lat' dir='ltr'><strong>oratoribus-</strong></span> 
     </span>
     <span class='ocr_line' id='line_1_14' title="bbox 414 2355 1535 2444; baseline 0 -23"><span class='ocrx_word' id='word_1_98' title='bbox 414 2378 477 2440; x_wconf 88' lang='lat' dir='ltr'><strong>que</strong></span> <span class='ocrx_word' id='word_1_99' title='bbox 500 2355 581 2421; x_wconf 93' lang='lat' dir='ltr'><strong>nihil</strong></span> <span class='ocrx_word' id='word_1_100' title='bbox 605 2357 708 2421; x_wconf 84' lang='lat' dir='ltr'><strong>dicam</strong></span> <span class='ocrx_word' id='word_1_101' title='bbox 734 2395 774 2407; x_wconf 87' lang='lat'><em>-</em></span> <span class='ocrx_word' id='word_1_102' title='bbox 798 2356 838 2421; x_wconf 92' lang='lat' dir='ltr'><strong>de</strong></span> <span class='ocrx_word' id='word_1_103' title='bbox 860 2355 1087 2421; x_wconf 88' lang='lat' dir='ltr'><strong>historicorum</strong></span> <span class='ocrx_word' id='word_1_104' title='bbox 1110 2356 1302 2444; x_wconf 78' lang='lat' dir='ltr'><strong>cognatione</strong></span> <span class='ocrx_word' id='word_1_105' title='bbox 1332 2360 1418 2422; x_wconf 89' lang='lat' dir='ltr'><strong>reete</strong></span> <span class='ocrx_word' id='word_1_106' title='bbox 1445 2356 1535 2441; x_wconf 88' lang='lat' dir='ltr'><strong>judi-</strong></span> 
     </span>
     <span class='ocr_line' id='line_1_15' title="bbox 415 2477 1535 2564; baseline 0.003 -21"><span class='ocrx_word' id='word_1_107' title='bbox 415 2480 504 2543; x_wconf 88' lang='lat' dir='ltr'><strong>care!</strong></span> <span class='ocrx_word' id='word_1_108' title='bbox 528 2477 675 2564; x_wconf 80' lang='lat' dir='ltr'><strong>Litigant</strong></span> <span class='ocrx_word' id='word_1_109' title='bbox 702 2477 764 2542; x_wconf 88' lang='lat' dir='ltr'><strong>viri</strong></span> <span class='ocrx_word' id='word_1_110' title='bbox 794 2477 898 2556; x_wconf 89' lang='lat' dir='ltr'><strong>docti,</strong></span> <span class='ocrx_word' id='word_1_111' title='bbox 929 2481 965 2543; x_wconf 87' lang='lat' dir='ltr'><strong>ut</strong></span> <span class='ocrx_word' id='word_1_112' title='bbox 995 2477 1141 2563; x_wconf 83' lang='lat' dir='ltr'><strong>exemplo</strong></span> <span class='ocrx_word' id='word_1_113' title='bbox 1173 2482 1247 2544; x_wconf 86' lang='lat' dir='ltr'><strong>utar</strong></span> <span class='ocrx_word' id='word_1_114' title='bbox 1276 2481 1462 2560; x_wconf 86' lang='lat' dir='ltr'><strong>notissimo,</strong></span> <span class='ocrx_word' id='word_1_115' title='bbox 1494 2481 1535 2546; x_wconf 90' lang='lat' dir='ltr'><strong>de</strong></span> 
     </span>
     <span class='ocr_line' id='line_1_16' title="bbox 415 2601 1536 2690; baseline 0.002 -23"><span class='ocrx_word' id='word_1_116' title='bbox 415 2602 583 2667; x_wconf 89' lang='lat' dir='ltr'><strong>sententiis</strong></span> <span class='ocrx_word' id='word_1_117' title='bbox 608 2602 766 2686; x_wconf 88' lang='lat' dir='ltr'><strong>rebusque</strong></span> <span class='ocrx_word' id='word_1_118' title='bbox 788 2602 889 2688; x_wconf 89' lang='lat' dir='ltr'><strong>gestis</strong></span> <span class='ocrx_word' id='word_1_119' title='bbox 912 2601 1035 2667; x_wconf 86' lang='lat' dir='ltr'><strong>Galbae</strong></span> <span class='ocrx_word' id='word_1_120' title='bbox 1060 2606 1093 2668; x_wconf 88' lang='lat' dir='ltr'><strong>et</strong></span> <span class='ocrx_word' id='word_1_121' title='bbox 1116 2601 1265 2683; x_wconf 81' lang='lat' dir='ltr'><strong>Othonia,</strong></span> <span class='ocrx_word' id='word_1_122' title='bbox 1288 2627 1371 2690; x_wconf 90' lang='lat' dir='ltr'><strong>quae</strong></span> <span class='ocrx_word' id='word_1_123' title='bbox 1390 2604 1536 2670; x_wconf 80' lang='lat' dir='ltr'><strong>aTaoito</strong></span> 
     </span>
     <span class='ocr_line' id='line_1_17' title="bbox 415 2724 1537 2811; baseline 0.004 -22"><span class='ocrx_word' id='word_1_124' title='bbox 415 2728 448 2789; x_wconf 87' lang='lat' dir='ltr'><strong>et</strong></span> <span class='ocrx_word' id='word_1_125' title='bbox 470 2724 646 2790; x_wconf 79' lang='lat' dir='ltr'><strong>Plutarcho</strong></span> <span class='ocrx_word' id='word_1_126' title='bbox 668 2725 826 2791; x_wconf 86' lang='lat' dir='ltr'><strong>subsimili</strong></span> <span class='ocrx_word' id='word_1_127' title='bbox 839 2725 933 2790; x_wconf 90' lang='lat' dir='ltr'><strong>modo</strong></span> <span class='ocrx_word' id='word_1_128' title='bbox 957 2727 1159 2792; x_wconf 89' lang='lat' dir='ltr'><strong>referuntur:</strong></span> <span class='ocrx_word' id='word_1_129' title='bbox 1173 2731 1245 2792; x_wconf 87' lang='lat' dir='ltr'><strong>uter</strong></span> <span class='ocrx_word' id='word_1_130' title='bbox 1256 2728 1298 2793; x_wconf 88' lang='lat' dir='ltr'><strong>ab</strong></span> <span class='ocrx_word' id='word_1_131' title='bbox 1309 2727 1411 2793; x_wconf 91' lang='lat' dir='ltr'><strong>altero</strong></span> <span class='ocrx_word' id='word_1_132' title='bbox 1424 2748 1537 2811; x_wconf 90' lang='lat' dir='ltr'><strong>sump-</strong></span> 
     </span>
     <span class='ocr_line' id='line_1_18' title="bbox 415 2833 1537 2936; baseline 0.004 -23"><span class='ocrx_word' id='word_1_133' title='bbox 415 2833 504 2927; x_wconf 85' lang='lat' dir='ltr'><strong>serit,</strong></span> <span class='ocrx_word' id='word_1_134' title='bbox 526 2871 567 2915; x_wconf 94' lang='lat' dir='ltr'><strong>an</strong></span> <span class='ocrx_word' id='word_1_135' title='bbox 591 2850 699 2934; x_wconf 85' lang='lat' dir='ltr'><strong>potius</strong></span> <span class='ocrx_word' id='word_1_136' title='bbox 723 2854 858 2933; x_wconf 92' lang='lat' dir='ltr'><strong>uterque</strong></span> <span class='ocrx_word' id='word_1_137' title='bbox 881 2872 920 2915; x_wconf 85' lang='lat' dir='ltr'><strong>ex</strong></span> <span class='ocrx_word' id='word_1_138' title='bbox 944 2849 1077 2936; x_wconf 88' lang='lat' dir='ltr'><strong>vulgata</strong></span> <span class='ocrx_word' id='word_1_139' title='bbox 1099 2851 1282 2935; x_wconf 90' lang='lat' dir='ltr'><strong>aequalium</strong></span> <span class='ocrx_word' id='word_1_140' title='bbox 1294 2853 1443 2936; x_wconf 88' lang='lat' dir='ltr'><strong>opinione</strong></span> <span class='ocrx_word' id='word_1_141' title='bbox 1454 2850 1537 2917; x_wconf 91' lang='lat' dir='ltr'><strong>hau-</strong></span> 
     </span>
     <span class='ocr_line' id='line_1_19' title="bbox 414 2971 1537 3060; baseline 0.003 -23"><span class='ocrx_word' id='word_1_142' title='bbox 414 2971 502 3037; x_wconf 88' lang='lat' dir='ltr'><strong>serit.</strong></span> <span class='ocrx_word' id='word_1_143' title='bbox 528 2971 619 3048; x_wconf 82' lang='lat' dir='ltr'><strong>Quod</strong></span> <span class='ocrx_word' id='word_1_144' title='bbox 641 2977 748 3038; x_wconf 83' lang='lat' dir='ltr'><strong>autem</strong></span> <span class='ocrx_word' id='word_1_145' title='bbox 773 2973 808 3037; x_wconf 91' lang='lat' dir='ltr'><strong>in</strong></span> <span class='ocrx_word' id='word_1_146' title='bbox 831 2974 919 3038; x_wconf 91' lang='lat' dir='ltr'><strong>omni</strong></span> <span class='ocrx_word' id='word_1_147' title='bbox 942 2972 1126 3038; x_wconf 88' lang='lat' dir='ltr'><strong>litterarum</strong></span> <span class='ocrx_word' id='word_1_148' title='bbox 1149 2995 1249 3060; x_wconf 90' lang='lat' dir='ltr'><strong>regno</strong></span> <span class='ocrx_word' id='word_1_149' title='bbox 1276 2974 1385 3040; x_wconf 90' lang='lat' dir='ltr'><strong>sedulo</strong></span> <span class='ocrx_word' id='word_1_150' title='bbox 1419 2997 1537 3042; x_wconf 84' lang='lat' dir='ltr'><strong>caveu-</strong></span> 
     </span>
     <span class='ocr_line' id='line_1_20' title="bbox 414 3089 1534 3185; baseline 0.004 -26"><span class='ocrx_word' id='word_1_151' title='bbox 414 3094 489 3159; x_wconf 89' lang='lat' dir='ltr'><strong>dnm</strong></span> <span class='ocrx_word' id='word_1_152' title='bbox 513 3097 573 3174; x_wconf 82' lang='lat' dir='ltr'><strong>est,</strong></span> <span class='ocrx_word' id='word_1_153' title='bbox 589 3117 629 3160; x_wconf 92' lang='lat' dir='ltr'><strong>ne</strong></span> <span class='ocrx_word' id='word_1_154' title='bbox 641 3096 752 3160; x_wconf 88' lang='lat' dir='ltr'><strong>statim</strong></span> <span class='ocrx_word' id='word_1_155' title='bbox 775 3101 906 3181; x_wconf 89' lang='lat' dir='ltr'><strong>propter</strong></span> <span class='ocrx_word' id='word_1_156' title='bbox 918 3097 1044 3181; x_wconf 88' lang='lat' dir='ltr'><strong>aliquas</strong></span> <span class='ocrx_word' id='word_1_157' title='bbox 1057 3089 1250 3185; x_wconf 74' lang='grc' dir='ltr'><strong><em>ὁμοιότητας</em></strong></span> <span class='ocrx_word' id='word_1_158' title='bbox 1261 3101 1442 3164; x_wconf 88' lang='lat' dir='ltr'><strong>statuamus</strong></span> <span class='ocrx_word' id='word_1_159' title='bbox 1453 3098 1534 3164; x_wconf 90' lang='lat' dir='ltr'><strong>duos</strong></span> 
     </span>
     <span class='ocr_line' id='line_1_21' title="bbox 415 3218 1534 3306; baseline 0.002 -21"><span class='ocrx_word' id='word_1_160' title='bbox 415 3218 589 3304; x_wconf 79' lang='lat' dir='ltr'><strong>scriptores</strong></span> <span class='ocrx_word' id='word_1_161' title='bbox 611 3219 697 3284; x_wconf 88' lang='lat' dir='ltr'><strong>inter</strong></span> <span class='ocrx_word' id='word_1_162' title='bbox 721 3242 789 3284; x_wconf 90' lang='lat' dir='ltr'><strong>sese</strong></span> <span class='ocrx_word' id='word_1_163' title='bbox 812 3221 1006 3306; x_wconf 85' lang='lat' dir='ltr'><strong>dependere,</strong></span> <span class='ocrx_word' id='word_1_164' title='bbox 1029 3221 1063 3286; x_wconf 93' lang='lat' dir='ltr'><strong>id</strong></span> <span class='ocrx_word' id='word_1_165' title='bbox 1085 3220 1137 3286; x_wconf 86' lang='lat' dir='ltr'><strong>vel</strong></span> <span class='ocrx_word' id='word_1_166' title='bbox 1159 3222 1298 3287; x_wconf 84' lang='lat' dir='ltr'><strong>maxime</strong></span> <span class='ocrx_word' id='word_1_167' title='bbox 1320 3222 1355 3286; x_wconf 93' lang='lat' dir='ltr'><strong>in</strong></span> <span class='ocrx_word' id='word_1_168' title='bbox 1388 3221 1449 3286; x_wconf 87' lang='lat' dir='ltr'><strong>hac</strong></span> <span class='ocrx_word' id='word_1_169' title='bbox 1483 3244 1534 3288; x_wconf 90' lang='lat' dir='ltr'><strong>re·</strong></span> 
     </span>
     <span class='ocr_line' id='line_1_22' title="bbox 415 3344 1535 3432; baseline 0.002 -23"><span class='ocrx_word' id='word_1_170' title='bbox 415 3345 523 3431; x_wconf 86' lang='lat' dir='ltr'><strong>gione,</strong></span> <span class='ocrx_word' id='word_1_171' title='bbox 547 3344 581 3408; x_wconf 92' lang='lat' dir='ltr'><strong>in</strong></span> <span class='ocrx_word' id='word_1_172' title='bbox 605 3366 670 3428; x_wconf 88' lang='lat' dir='ltr'><strong>quc</strong></span> <span class='ocrx_word' id='word_1_173' title='bbox 694 3344 788 3409; x_wconf 88' lang='lat' dir='ltr'><strong>modo</strong></span> <span class='ocrx_word' id='word_1_174' title='bbox 812 3366 985 3422; x_wconf 87' lang='lat' dir='ltr'><strong>versamur,</strong></span> <span class='ocrx_word' id='word_1_175' title='bbox 1010 3349 1059 3410; x_wconf 91' lang='lat' dir='ltr'><strong>est</strong></span> <span class='ocrx_word' id='word_1_176' title='bbox 1081 3345 1262 3423; x_wconf 66' lang='lat' dir='ltr'><strong>uitandum</strong></span> <span class='ocrx_word' id='word_1_177' title='bbox 1298 3368 1452 3432; x_wconf 86' lang='lat' dir='ltr'><strong>magnum</strong></span> <span class='ocrx_word' id='word_1_178' title='bbox 1485 3351 1535 3411; x_wconf 87' lang='lat' dir='ltr'><strong>est</strong></span> 
     </span>
     <span class='ocr_line' id='line_1_23' title="bbox 415 3467 1535 3557; baseline 0.004 -26"><span class='ocrx_word' id='word_1_179' title='bbox 415 3467 500 3532; x_wconf 90' lang='lat' dir='ltr'><strong>enim</strong></span> <span class='ocrx_word' id='word_1_180' title='bbox 523 3467 692 3534; x_wconf 88' lang='lat' dir='ltr'><strong>aberrandi</strong></span> <span class='ocrx_word' id='word_1_181' title='bbox 714 3468 904 3552; x_wconf 85' lang='lat' dir='ltr'><strong>perieulum,</strong></span> <span class='ocrx_word' id='word_1_182' title='bbox 928 3468 984 3534; x_wconf 92' lang='lat' dir='ltr'><strong>ubi</strong></span> <span class='ocrx_word' id='word_1_183' title='bbox 1004 3469 1042 3533; x_wconf 92' lang='lat' dir='ltr'><strong>de</strong></span> <span class='ocrx_word' id='word_1_184' title='bbox 1065 3468 1123 3533; x_wconf 92' lang='lat' dir='ltr'><strong>illa</strong></span> <span class='ocrx_word' id='word_1_185' title='bbox 1135 3470 1327 3556; x_wconf 88' lang='lat' dir='ltr'><strong>cognatione</strong></span> <span class='ocrx_word' id='word_1_186' title='bbox 1339 3471 1459 3556; x_wconf 87' lang='lat' dir='ltr'><strong>agitur,</strong></span> <span class='ocrx_word' id='word_1_187' title='bbox 1471 3492 1535 3557; x_wconf 87' lang='lat' dir='ltr'><strong>qua</strong></span> 
     </span>
     <span class='ocr_line' id='line_1_24' title="bbox 415 3590 1534 3676; baseline 0.005 -22"><span class='ocrx_word' id='word_1_188' title='bbox 415 3590 557 3675; x_wconf 90' lang='lat' dir='ltr'><strong>plurium</strong></span> <span class='ocrx_word' id='word_1_189' title='bbox 580 3590 811 3674; x_wconf 89' lang='lat' dir='ltr'><strong>disputationes</strong></span> <span class='ocrx_word' id='word_1_190' title='bbox 835 3593 873 3657; x_wconf 90' lang='lat' dir='ltr'><strong>de</strong></span> <span class='ocrx_word' id='word_1_191' title='bbox 895 3597 964 3658; x_wconf 87' lang='lat' dir='ltr'><strong>arte</strong></span> <span class='ocrx_word' id='word_1_192' title='bbox 989 3593 1126 3676; x_wconf 88' lang='lat' dir='ltr'><strong>quadam</strong></span> <span class='ocrx_word' id='word_1_193' title='bbox 1150 3597 1206 3657; x_wconf 89' lang='lat' dir='ltr'><strong>aut</strong></span> <span class='ocrx_word' id='word_1_194' title='bbox 1225 3594 1380 3661; x_wconf 86' lang='lat' dir='ltr'><strong>facultate</strong></span> <span class='ocrx_word' id='word_1_195' title='bbox 1391 3595 1534 3660; x_wconf 88' lang='lat' dir='ltr'><strong>humana</strong></span> 
     </span>
     <span class='ocr_line' id='line_1_25' title="bbox 414 3713 1535 3805; baseline 0.005 -27"><span class='ocrx_word' id='word_1_196' title='bbox 414 3715 500 3779; x_wconf 88' lang='lat' dir='ltr'><strong>inter</strong></span> <span class='ocrx_word' id='word_1_197' title='bbox 522 3736 555 3779; x_wconf 91' lang='lat' dir='ltr'><strong>se</strong></span> <span class='ocrx_word' id='word_1_198' title='bbox 578 3713 781 3780; x_wconf 87' lang='lat' dir='ltr'><strong>cohaereant.</strong></span> <span class='ocrx_word' id='word_1_199' title='bbox 806 3715 877 3792; x_wconf 84' lang='lat' dir='ltr'><strong>Quo</strong></span> <span class='ocrx_word' id='word_1_200' title='bbox 900 3717 1002 3804; x_wconf 85' lang='lat' dir='ltr'><strong>magis</strong></span> <span class='ocrx_word' id='word_1_201' title='bbox 1024 3716 1109 3781; x_wconf 91' lang='lat' dir='ltr'><strong>euim</strong></span> <span class='ocrx_word' id='word_1_202' title='bbox 1133 3722 1218 3782; x_wconf 81' lang='lat' dir='ltr'><strong>artes</strong></span> <span class='ocrx_word' id='word_1_203' title='bbox 1240 3719 1281 3783; x_wconf 93' lang='lat' dir='ltr'><strong>ab</strong></span> <span class='ocrx_word' id='word_1_204' title='bbox 1316 3719 1386 3805; x_wconf 92' lang='lat' dir='ltr'><strong>ipsa</strong></span> <span class='ocrx_word' id='word_1_205' title='bbox 1418 3724 1535 3784; x_wconf 88' lang='lat' dir='ltr'><strong>natura</strong></span> 
     </span>
     <span class='ocr_line' id='line_1_26' title="bbox 414 3841 1534 3927; baseline 0.002 -22"><span class='ocrx_word' id='word_1_206' title='bbox 414 3844 490 3905; x_wconf 91' lang='lat' dir='ltr'><strong>sunt</strong></span> <span class='ocrx_word' id='word_1_207' title='bbox 512 3844 602 3905; x_wconf 91' lang='lat' dir='ltr'><strong>ortae</strong></span> <span class='ocrx_word' id='word_1_208' title='bbox 625 3844 658 3905; x_wconf 91' lang='lat' dir='ltr'><strong>et</strong></span> <span class='ocrx_word' id='word_1_209' title='bbox 681 3845 798 3906; x_wconf 88' lang='lat' dir='ltr'><strong>natura</strong></span> <span class='ocrx_word' id='word_1_210' title='bbox 821 3841 899 3905; x_wconf 89' lang='lat' dir='ltr'><strong>duce</strong></span> <span class='ocrx_word' id='word_1_211' title='bbox 922 3841 1121 3922; x_wconf 84' lang='lat' dir='ltr'><strong>excoluntur,</strong></span> <span class='ocrx_word' id='word_1_212' title='bbox 1146 3863 1183 3907; x_wconf 92' lang='lat' dir='ltr'><strong>eo</strong></span> <span class='ocrx_word' id='word_1_213' title='bbox 1198 3842 1293 3926; x_wconf 88' lang='lat' dir='ltr'><strong>plura</strong></span> <span class='ocrx_word' id='word_1_214' title='bbox 1307 3841 1534 3927; x_wconf 91' lang='lat' dir='ltr'><strong>habentprae-</strong></span> 
     </span>
     <span class='ocr_line' id='line_1_27' title="bbox 413 3939 1533 4052; baseline 0.001 -21"><span class='ocrx_word' id='word_1_215' title='bbox 413 3970 507 4050; x_wconf 87' lang='lat' dir='ltr'><strong>oepta</strong></span> <span class='ocrx_word' id='word_1_216' title='bbox 529 3970 562 4030; x_wconf 90' lang='lat' dir='ltr'><strong>et</strong></span> <span class='ocrx_word' id='word_1_217' title='bbox 583 3939 713 4050; x_wconf 85' lang='lat' dir='ltr'><strong>placita,</strong></span> <span class='ocrx_word' id='word_1_218' title='bbox 738 3989 820 4050; x_wconf 91' lang='lat' dir='ltr'><strong>quae</strong></span> <span class='ocrx_word' id='word_1_219' title='bbox 844 3967 1002 4046; x_wconf 89' lang='lat' dir='ltr'><strong>omnibus,</strong></span> <span class='ocrx_word' id='word_1_220' title='bbox 1027 3966 1082 4050; x_wconf 90' lang='lat' dir='ltr'><strong>qui</strong></span> <span class='ocrx_word' id='word_1_221' title='bbox 1095 3967 1269 4051; x_wconf 85' lang='lat' dir='ltr'><strong>prudenter</strong></span> <span class='ocrx_word' id='word_1_222' title='bbox 1280 3967 1438 4052; x_wconf 87' lang='lat' dir='ltr'><strong>judicant,</strong></span> <span class='ocrx_word' id='word_1_223' title='bbox 1456 3987 1533 4052; x_wconf 88' lang='lat' dir='ltr'><strong>pro·</strong></span> 
     </span>
     <span class='ocr_line' id='line_1_28' title="bbox 357 4087 1533 4178; baseline 0 -22"><span class='ocrx_word' id='word_1_224' title='bbox 357 4115 358 4118; x_wconf 45' lang='lat'>¹</span> <span class='ocrx_word' id='word_1_225' title='bbox 414 4090 547 4156; x_wconf 89' lang='lat' dir='ltr'><strong>bentur:</strong></span> <span class='ocrx_word' id='word_1_226' title='bbox 573 4089 650 4173; x_wconf 91' lang='lat' dir='ltr'><strong>quid</strong></span> <span class='ocrx_word' id='word_1_227' title='bbox 673 4112 762 4176; x_wconf 86' lang='lat' dir='ltr'><strong>ergo,</strong></span> <span class='ocrx_word' id='word_1_228' title='bbox 786 4090 841 4154; x_wconf 93' lang='lat' dir='ltr'><strong>ubi</strong></span> <span class='ocrx_word' id='word_1_229' title='bbox 866 4091 904 4155; x_wconf 92' lang='lat' dir='ltr'><strong>de</strong></span> <span class='ocrx_word' id='word_1_230' title='bbox 931 4087 1116 4175; x_wconf 88' lang='lat' dir='ltr'><strong>eloquentia</strong></span> <span class='ocrx_word' id='word_1_231' title='bbox 1140 4091 1265 4178; x_wconf 91' lang='lat' dir='ltr'><strong>agitur,</strong></span> <span class='ocrx_word' id='word_1_232' title='bbox 1298 4113 1380 4175; x_wconf 90' lang='lat' dir='ltr'><strong>quae</strong></span> <span class='ocrx_word' id='word_1_233' title='bbox 1402 4092 1446 4156; x_wconf 91' lang='lat' dir='ltr'><strong>ait</strong></span> <span class='ocrx_word' id='word_1_234' title='bbox 1468 4113 1533 4156; x_wconf 86' lang='lat' dir='ltr'><strong>nna</strong></span> 
     </span>
     <span class='ocr_line' id='line_1_29' title="bbox 413 4213 1241 4302; baseline -0.002 -22"><span class='ocrx_word' id='word_1_235' title='bbox 413 4215 555 4280; x_wconf 86' lang='lat' dir='ltr'><strong>omniurn</strong></span> <span class='ocrx_word' id='word_1_236' title='bbox 577 4214 733 4279; x_wconf 91' lang='lat' dir='ltr'><strong>latissime</strong></span> <span class='ocrx_word' id='word_1_237' title='bbox 754 4214 839 4279; x_wconf 88' lang='lat' dir='ltr'><strong>inter</strong></span> <span class='ocrx_word' id='word_1_238' title='bbox 861 4213 1006 4280; x_wconf 90' lang='lat' dir='ltr'><strong>homines</strong></span> <span class='ocrx_word' id='word_1_239' title='bbox 1031 4214 1241 4302; x_wconf 72' lang='lat' dir='ltr'><strong>diuulgatat&#39;</strong></span> 
     </span>
    </p>

    <p class='ocr_par' dir='ltr' id='par_1_4' title="bbox 456 4337 1532 4426">
     <span class='ocr_line' id='line_1_30' title="bbox 456 4337 1532 4426; baseline 0.004 -24"><span class='ocrx_word' id='word_1_240' title='bbox 456 4337 531 4402; x_wconf 87' lang='lat' dir='ltr'><strong>Jam</strong></span> <span class='ocrx_word' id='word_1_241' title='bbox 554 4338 588 4402; x_wconf 93' lang='lat' dir='ltr'><strong>in</strong></span> <span class='ocrx_word' id='word_1_242' title='bbox 610 4337 670 4403; x_wconf 90' lang='lat' dir='ltr'><strong>hac</strong></span> <span class='ocrx_word' id='word_1_243' title='bbox 693 4338 967 4422; x_wconf 85' lang='lat' dir='ltr'><strong>disputatiuncula</strong></span> <span class='ocrx_word' id='word_1_244' title='bbox 988 4360 1054 4404; x_wconf 91' lang='lat' dir='ltr'><strong>non</strong></span> <span class='ocrx_word' id='word_1_245' title='bbox 1076 4339 1277 4426; x_wconf 87' lang='lat' dir='ltr'><strong>singularum</strong></span> <span class='ocrx_word' id='word_1_246' title='bbox 1298 4340 1532 4406; x_wconf 87' lang='lat' dir='ltr'><strong>sententiarum</strong></span> 
     </span>
    </p>
   </div>
   <div class='ocr_carea' id='block_1_3' title="bbox 412 4460 1532 4552">
    <p class='ocr_par' dir='ltr' id='par_1_5' title="bbox 412 4460 1532 4552">
     <span class='ocr_line' id='line_1_31' title="bbox 412 4460 1532 4552; baseline 0.003 -23"><span class='ocrx_word' id='word_1_247' title='bbox 412 4464 469 4530; x_wconf 85' lang='lat' dir='ltr'><strong>eut</strong></span> <span class='ocrx_word' id='word_1_248' title='bbox 509 4460 632 4526; x_wconf 84' lang='lat' dir='ltr'><strong>dicendi</strong></span> <span class='ocrx_word' id='word_1_249' title='bbox 673 4463 851 4552; x_wconf 87' lang='lat' dir='ltr'><strong>figurarum</strong></span> <span class='ocrx_word' id='word_1_250' title='bbox 889 4463 1083 4552; x_wconf 87' lang='lat' dir='ltr'><strong>exemplaria</strong></span> <span class='ocrx_word' id='word_1_251' title='bbox 1123 4464 1306 4552; x_wconf 87' lang='lat' dir='ltr'><strong>perquirere</strong></span> <span class='ocrx_word' id='word_1_252' title='bbox 1351 4464 1385 4530; x_wconf 93' lang='lat' dir='ltr'><strong>in</strong></span> <span class='ocrx_word' id='word_1_253' title='bbox 1424 4463 1532 4532; x_wconf 88' lang='lat' dir='ltr'><strong>animo</strong></span> 
     </span>
    </p>
   </div>
   <div class='ocr_carea' id='block_1_4' title="bbox 0 0 1720 5498">
    <p class='ocr_par' dir='ltr' id='par_1_6' title="bbox 0 0 1720 5498">
     <span class='ocr_line' id='line_1_32' title="bbox 0 0 1720 5498; baseline 0 1"><span class='ocrx_word' id='word_1_254' title='bbox 0 0 1720 5498; x_wconf 95' lang='lat' dir='ltr'><strong> </strong></span> 
     </span>
    </p>
   </div>
  </div>
 </body>
</html>
