3432 5498
700 633 744 706 99

158 871 289 918 movere
304 891 343 902 -
358 845 473 942 ἐπειδὴ
489 853 585 935 λόγον
601 852 737 937 δύναμις
754 851 907 935 ινγγιίνει
926 865 1118 945 ψυχαγωγία
1137 841 1230 940 οὖσα,
1252 855 1278 948 ¹)

155 977 203 1042 sic
224 977 324 1042 etiem
342 975 459 1041 Cicero
475 975 635 1041 nemiuem
646 974 800 1040 disertum
813 999 880 1042 esse
892 978 948 1057 ait,
961 984 1099 1046 »nutura
1110 982 1276 1050 hominurn

154 1099 322 1184 incognite
341 1121 379 1164 ac
403 1098 575 1163 moribus.”
600 1098 637 1162 ld
660 1099 746 1182 quod
768 1099 878 1184 paullo
901 1101 985 1168 infre
1008 1104 1104 1169 latius
1117 1105 1274 1190 explicet:

154 1223 255 1298 »Quis
278 1223 362 1287 enim
386 1222 509 1300 nescit,
531 1222 648 1306 inquit,
677 1222 847 1286 maximam
873 1224 938 1288 rim
961 1227 1112 1293 exsistere
1135 1230 1272 1294 oratoris

152 1345 188 1410 in
211 1345 379 1410 hominum
401 1346 563 1410 mentibus
587 1345 639 1410 rel
665 1344 809 1410 adirem
843 1351 900 1412 eut
932 1349 972 1412 ad
1002 1349 1110 1415 odium
1140 1356 1197 1418 aut
1232 1353 1273 1418 ad

29 1484 30 1504 ¹
152 1469 297 1534 dolorem
332 1469 503 1534 incitandis
537 1468 589 1534 rel
619 1468 659 1532 ab
689 1466 777 1533 hisce
810 1467 928 1535 eisdem
957 1473 1209 1555 permotionibus
1231 1476 1272 1540 ad

28 1577 29 1590 ¹
151 1592 319 1659 lenitatem
342 1593 654 1676 misericordiamque
680 1591 889 1658 revocandis?
913 1591 1017 1671 Quae,
1050 1595 1112 1659 nisi
1135 1597 1190 1681 qui
1212 1621 1270 1663 na·

150 1720 241 1781 turus
272 1716 439 1782 hominum
475 1717 601 1800 vimque
624 1736 751 1780 omnem
773 1715 986 1780 humanitatis
1009 1737 1182 1801 causasque
1206 1739 1269 1797 ees,

150 1841 267 1925 quibus
290 1846 413 1906 mentes
436 1845 493 1904 aut
515 1839 691 1904 incitantur
713 1841 770 1904 eut
794 1837 1017 1917 reflectuntur,
1045 1840 1172 1924 penitus
1194 1863 1269 1926 per·

149 1964 298 2047 spexerit,
321 1963 453 2028 dicendo
476 1963 562 2046 quod
586 1961 672 2026 volet
693 1961 844 2045 perficere
868 1983 933 2028 non
954 1963 1106 2046 poterit''.
1125 2002 1167 2012 --
1187 1963 1265 2030 Irri-

148 2087 201 2152 det
225 2087 319 2152 Plato
342 2086 486 2151 rhetores
508 2086 595 2151 illius
625 2084 788 2168 temporis,
811 2086 908 2169 quod,
930 2108 1004 2151 cum
1034 2086 1117 2150 nihil
1147 2092 1265 2170 praeter

148 2210 366 2276 collocationis
390 2215 422 2274 et
442 2210 631 2274 elocutionis
654 2213 824 2293 praecepte
848 2211 1263 2291 eorumartecontineetur,

148 2333 250 2417 ipsam
258 2338 360 2398 artem
369 2354 409 2396 ne
417 2334 548 2398 definire
556 2334 684 2416 quidem
692 2331 825 2415 possint:
835 2327 874 2397 οὐ
884 2337 946 2422 χρὴ
955 2335 1170 2414 χαλεπαίνειν
1178 2329 1261 2402 dett

144 2458 388 2540 σνγγγινώσιιειν
410 2456 444 2522 εἴ
462 2479 547 2529 τινες
569 2451 615 2543 μὴ
639 2450 855 2539 ἐπιστάμενοι
876 2455 1088 2537 διαλέγεσθαι
1105 2451 1261 2526 ἀδύνατοι

144 2577 291 2662 ἐγένοντο
316 2571 501 2668 ὁρίσασθαι,
524 2585 559 2644 τί
578 2578 654 2643 ποτ’
678 2577 748 2645 ἔστι
770 2573 931 2667 ῥητορικὴ.
953 2579 979 2664 ²)
1002 2579 1105 2656 Quum
1127 2582 1258 2648 eandem

143 2725 272 2787 prorsus
303 2703 495 2768 sententiam
526 2703 565 2768 de
598 2703 664 2768 suis
694 2699 881 2786 aequalibus
904 2702 1098 2787 pronunciet
1119 2702 1256 2772 Tullius.

143 2826 257 2906 ›lstos,
280 2828 396 2911 inquit,
420 2848 471 2891 me
495 2829 626 2891 auctore
648 2825 788 2890 deridete
811 2829 908 2910 atque
931 2827 1135 2906 contemnite,
1155 2828 1256 2912 quise

141 2949 273 3030 borum,
297 2951 352 3034 qui
374 2973 460 3015 nuuc
482 2951 529 3014 ita
551 2948 773 3034 appellentur,
795 2947 961 3014 rhetorum
984 2950 1163 3035 praeceptis
1185 2972 1255 3016 om·

139 3095 210 3140 nem
246 3078 410 3139 oratorum
435 3075 499 3139 rim
522 3072 704 3156 complexos
733 3093 801 3137 esse
834 3073 1034 3138 arbitrantur
1066 3096 1170 3159 neque
1196 3077 1253 3142 ad-

139 3198 210 3277 huc,
234 3220 330 3281 quarn
355 3221 523 3282 personam
538 3200 669 3262 teneant
680 3199 739 3260 aut
750 3195 827 3280 quid
837 3197 1058 3280 profiteantur,
1071 3198 1251 3282 intelligere

138 3323 343 3407 potuerunt.”
380 3323 537 3388 Rhetorcs
560 3322 645 3387 enim
668 3321 748 3386 istos
771 3323 803 3384 et
824 3319 919 3385 Pluto
940 3325 974 3386 et
995 3321 1106 3387 Cicero
1129 3329 1250 3410 negant

138 3446 315 3532 perspicere
347 3446 438 3511 illem
468 3445 669 3530 eloquentiae
699 3449 859 3522 naturam,
889 3445 1037 3528 quaesit
1066 3446 1147 3524 svis,
1169 3469 1251 3531 quae

136 3571 302 3636 scientiam
326 3571 491 3654 complexa
514 3591 622 3634 rerum
644 3590 737 3633 sensa
760 3569 876 3632 mentis
900 3573 932 3632 et
956 3569 1089 3634 consilia
1110 3569 1156 3633 sio
1179 3591 1250 3634 ver-

135 3693 184 3758 bis
208 3692 358 3776 explicet,
382 3699 419 3758 ut
442 3715 495 3758 eos
518 3694 574 3777 qui
586 3692 727 3771 audient,
740 3714 942 3776 quocumque
965 3692 1157 3772 incubuerit,
1175 3715 1249 3778 pos·
1365 3771 1367 3776 Ι

135 3818 177 3882 sit
200 3816 398 3903 impellere.’'

176 4044 273 4112 Nunc
290 4046 479 4113 brevissime
502 4047 540 4112 de
565 4045 743 4113 ›Oiritste’'
768 4046 923 4112 Platonis.
940 4044 1025 4114 Nam
1040 4049 1171 4115 dubium
1182 4068 1248 4117 non

166 4370 194 4441 l)
213 4365 243 4426 P.
262 4369 315 4424 271
333 4365 366 4424 D.
385 4397 418 4408 —
436 4365 476 4424 De
495 4367 540 4423 Or.
559 4364 579 4421 l.
598 4369 642 4421 53.

166 4460 193 4534 Ἰ)
212 4460 245 4515 Ρ.
264 4461 317 4514 969
335 4458 366 4518 Β.
383 4487 419 4499 -·
436 4457 476 4526 De
495 4456 540 4513 Or.
558 4456 603 4514 ΙΙΙ.
623 4460 666 4532 54,
685 4459 728 4516 55.
