3432 5498
951 625 993 700 'ld

412 823 596 894 Aristotelis
626 825 710 894 libro
737 828 954 896 continentur.
989 829 1116 896 Primus
1146 829 1230 896 enim
1259 829 1423 898 Ciceronis
1444 827 1534 895 liber

411 954 620 1034 τεχνολογίαν
641 952 709 1019 fere
731 975 793 1018 non
817 953 926 1020 habet.
958 953 1062 1020 Multa
1084 955 1259 1039 prudenter
1281 956 1450 1022 observata
1473 979 1531 1022 sa-

413 1074 600 1161 pienterque
624 1078 768 1156 monitu,
791 1100 873 1163 quse
903 1078 937 1144 in
961 1077 1096 1166 vulgata
1126 1079 1362 1148 rhetoricorum
1384 1081 1539 1146 doctrina

413 1204 619 1279 evanuerant,
643 1223 682 1266 ex
705 1201 880 1268 Aristotele
903 1200 1013 1269 Cicero
1036 1203 1207 1288 repetivit:
1229 1204 1284 1283 sic,
1303 1209 1339 1269 ut
1350 1203 1537 1288 exemplum

414 1325 555 1402 afferam,
568 1329 678 1391 mouet
702 1331 847 1412 uterque,
863 1330 1024 1392 attentum
1044 1327 1147 1393 lacere
1159 1328 1338 1394 auditorem
1351 1333 1383 1394 et
1395 1328 1533 1393 docilem

413 1471 479 1515 non
502 1449 652 1534 principii
686 1451 789 1537 magis
817 1451 984 1537 proprium
1015 1473 1083 1518 esse
1114 1473 1211 1538 quum
1235 1453 1433 1537 reliquarum
1457 1473 1538 1538 par·

414 1573 507 1638 tium.
522 1572 549 1658 ¹)
577 1571 629 1638 Sic
653 1574 760 1639 neutri
787 1575 967 1660 probatur,
990 1575 1076 1662 quod
1100 1575 1198 1664 vulgo
1223 1576 1349 1660 jubent,
1373 1582 1538 1643 oratorem

414 1697 544 1762 brevem
566 1719 634 1762 esse
659 1698 692 1762 in
715 1699 919 1778 narrando‚²l
938 1705 971 1765 et
994 1701 1087 1785 plura
1098 1700 1131 1765 id
1144 1723 1255 1788 genus.
1279 1701 1366 1776 Quos
1388 1699 1477 1767 locos
1500 1704 1537 1766 et

414 1819 547 1907 longum
571 1825 620 1886 est
643 1844 752 1887 omnes
775 1845 973 1901 enumerare,
998 1825 1094 1890 etad
1117 1846 1215 1888 unum
1239 1824 1396 1889 omnesin
1419 1823 1535 1910 vulga·

320 1964 323 1968 ·
414 1945 540 2011 tissima
562 1945 678 2011 horum
701 1946 858 2012 librorum
889 1949 1028 2014 editione
1060 1948 1257 2013 Pideritiana
1281 1947 1454 2034 diligenter
1477 1969 1539 2012 no-

415 2072 502 2134 tatos
526 2070 665 2154 reperire
688 2072 824 2156 quisque
848 2076 965 2156 potest.
986 2072 1088 2138 Nobis
1109 2076 1217 2137 cirtem
1240 2071 1348 2157 potius
1370 2093 1408 2136 ea
1430 2072 1539 2136 cousi-

415 2194 579 2260 derationc
604 2196 702 2282 digna
715 2196 872 2275 videntur,
884 2219 966 2282 quae
988 2196 1029 2261 ad
1045 2197 1207 2282 propriam
1226 2195 1404 2262 doctrinam
1420 2194 1539 2261 horum

415 2316 570 2384 librorum
597 2321 770 2405 pertinent.

461 2442 529 2508 Nec
553 2443 661 2510 multis
689 2445 794 2510 verbis
817 2467 898 2530 opus
923 2446 994 2523 erit,
1022 2448 1059 2510 ut
1082 2465 1233 2531 magnam
1256 2444 1341 2508 inter
1367 2444 1538 2530 utriusque

417 2568 608 2632 seutentiam
620 2568 795 2635 iudicemus
807 2570 1055 2636 consentionem.
1069 2568 1117 2634 Dc
1130 2591 1236 2634 rerum
1245 2568 1429 2656 cognitione
1438 2567 1535 2645 enim,

418 2693 560 2775 quaein
589 2695 716 2759 oratore
743 2693 948 2780 postuletur,
975 2715 1106 2778 prorsus
1145 2693 1231 2758 inter
1264 2695 1437 2777 utrumque
1459 2713 1540 2758 con·

420 2815 519 2882 venit.
554 2815 665 2883 Placet
692 2817 862 2884 Aristoteli
894 2817 1111 2896 rhetoricam,
1149 2816 1216 2883 sive
1251 2816 1374 2882 dicendi
1411 2819 1538 2895 artem,

426 2946 571 3008 constare
595 2965 633 3007 ex
657 2944 791 3010 scientia
813 2943 985 3028 analytica,
1008 2965 1105 3028 quam
1118 2963 1186 3007 esse
1200 2943 1327 3025 partem
1344 2939 1542 3018 dialecticae,

423 3070 455 3131 et
468 3089 506 3131 ex
526 3067 659 3132 scientie
680 3068 776 3145 civili,
800 3091 895 3154 quam
909 3068 1028 3133 versari
1040 3066 1124 3133 circa
1140 3087 1254 3132 mores.
1274 3064 1326 3130 Ex
1347 3064 1408 3130 hac
1430 3069 1540 3130 autem

420 3191 458 3256 de
492 3191 532 3256 iis
559 3192 673 3258 saltem
703 3193 825 3271 causis,
853 3193 891 3258 de
922 3193 1037 3275 quibus
1071 3191 1104 3256 iu
1134 3189 1341 3256 concionibus
1368 3188 1539 3254 deliberari

419 3315 515 3393 colet,
545 3321 649 3382 certas
682 3320 714 3382 et
748 3317 829 3382 lixas
858 3319 1032 3384 sententias
1067 3321 1226 3382 oratorem
1254 3313 1374 3379 habere
1408 3334 1537 3378 necesse

292 3495 295 3499 .
419 3461 496 3507 esse.
521 3440 608 3516 Quae
635 3441 764 3526 quidem
793 3446 985 3528 argumenta
1015 3443 1056 3508 ad
1078 3442 1220 3528 quinque
1243 3441 1389 3504 revocat:
1415 3435 1539 3503 delibe-

419 3563 556 3629 randum
579 3564 663 3628 enim
688 3587 755 3631 esse
778 3566 816 3632 de
835 3566 1001 3646 reditibus,
1020 3566 1059 3632 de
1084 3564 1167 3632 bello
1187 3569 1220 3631 et
1236 3584 1336 3649 pace,
1359 3563 1397 3628 de
1421 3561 1540 3626 finibus

419 3687 644 3767 custodiendis,
656 3690 694 3755 de
705 3690 744 3754 iis
756 3714 838 3776 quae
851 3690 1068 3775 importantur
1078 3694 1111 3756 et
1123 3691 1344 3774 exportantur,
1362 3686 1401 3750 de
1412 3684 1540 3772 legum·

420 3810 551 3877 latione.
570 3813 597 3898 ⁸)
631 3812 752 3878 Eodem
775 3814 991 3891 continentur,
1015 3813 1078 3878 nisi
1100 3812 1210 3890 fallor,
1244 3812 1277 3877 in
1297 3810 1382 3896 juris
1405 3808 1541 3875 scientia

421 3934 541 4020 publici
564 3937 763 4023 privatique,
787 3938 820 4002 in
848 3939 1079 4022 antiquitatum
1107 3936 1263 4002 historiae
1287 3935 1398 4022 legum
1428 3933 1542 4020 cogni·

418 4059 517 4139 tione,
541 4083 620 4144 quas
642 4060 785 4126 Tullium
809 4065 974 4146 tantopere
998 4061 1119 4126 oratori
1142 4060 1277 4126 vidimus
1300 4058 1533 4124 commendere.

456 4296 485 4357 l>
505 4291 542 4348 De
561 4310 599 4347 or.
618 4293 732 4367 tlara.
753 4323 786 4331 -
806 4293 886 4347 Arist.
905 4296 972 4348 rhet.
990 4295 1008 4346 l.
1027 4292 1071 4347 lll.
1091 4311 1114 4347 c.
1134 4293 1177 4347 14.

456 4383 483 4449 2)
502 4380 542 4435 De
559 4399 596 4436 or.
615 4382 647 4436 ll.
666 4386 727 4438 326.
748 4413 782 4420 —
801 4383 881 4436 Arist.
900 4385 968 4436 rhet.
986 4383 1004 4434 l.
1025 4378 1067 4449 lll,
1087 4399 1109 4436 o.
1130 4384 1173 4435 16.

457 4468 484 4537 3)
503 4469 583 4526 Arist.
602 4473 669 4528 rhet.
689 4474 706 4526 l.
726 4471 745 4525 I.
764 4489 787 4526 o.
807 4475 832 4524 t.
851 4471 867 4539 ἕ
887 4473 912 4526 7.
930 4489 986 4546 sqq.
