3406 5496
990 624 1010 696 d

438 843 512 931 jure
535 864 701 910 causarum
725 841 872 930 patroni,
896 845 928 909 et
960 841 1146 910 verisimilia
1175 840 1366 922 defendant,
1395 843 1489 910 modo
1518 867 1559 911 ne

443 970 589 1057 cognitae
612 969 743 1034 veritati
768 970 995 1046 adversentur,
1023 972 1055 1033 et
1081 967 1278 1055 gravissimis
1302 969 1406 1033 verbis
1428 991 1558 1034 accusa·

429 1099 549 1187 torum
580 1094 818 1160 criminationes
852 1092 994 1171 elevare,
1024 1115 1061 1158 ac
1087 1093 1232 1177 judicum
1256 1093 1378 1158 animos
1408 1095 1448 1157 ad
1471 1116 1558 1159 com·

442 1219 678 1284 miserationem
701 1219 840 1283 excitare
865 1218 1024 1282 studeant.
1060 1216 1152 1292 Quod
1176 1220 1284 1282 autem
1309 1216 1404 1282 multi
1427 1217 1559 1284 luerunt

441 1367 628 1428 semperque
651 1347 767 1421 erunt,
790 1343 847 1426 qui
868 1342 990 1407 dicendi
1013 1342 1136 1407 facibus
1165 1343 1351 1426 imperitum
1378 1342 1495 1430 vulgus
1518 1343 1559 1408 ad

442 1471 526 1536 mala
549 1471 656 1536 omnia
679 1470 863 1547 accendant,
888 1491 952 1534 non
967 1469 1085 1532 idcirco
1104 1467 1235 1532 omnino
1252 1471 1398 1533 vetamus
1416 1470 1558 1532 oratores

442 1596 475 1660 in
506 1596 598 1660 bonis
626 1595 815 1680 magnisque
857 1594 959 1658 causis
994 1592 1160 1656 hominurn
1191 1595 1249 1657 aut
1275 1614 1404 1657 aversos
1434 1592 1558 1656 animos

442 1741 640 1786 commovere
672 1723 729 1783 aut
756 1717 947 1804 languentes
977 1717 1124 1782 excitare.
1155 1715 1203 1780 Ac
1234 1716 1339 1781 nescio
1370 1717 1483 1794 etiarn,
1516 1739 1557 1780 an

438 1843 551 1930 ,paullo
575 1843 714 1906 severius
733 1842 771 1906 de
794 1840 901 1905 Tullio
921 1841 1041 1924 judicet
1060 1841 1211 1918 Karsten,
1226 1841 1332 1905 nescio
1348 1864 1388 1906 an
1405 1863 1469 1904 non
1489 1863 1557 1904 om·

441 1990 498 2033 nes
528 1988 607 2050 quos
635 1969 801 2030 enumerat
826 1968 991 2048 tamquam
1014 1986 1085 2028 reos
1108 1964 1313 2042 manifesloS,
1344 1987 1424 2049 quos
1447 1963 1557 2030 Cicero

441 2093 616 2159 detenderit
640 2091 721 2156 tales
745 2113 854 2175 reapse
876 2091 1013 2167 fuerint;
1037 2090 1191 2174 quidquid
1213 2090 1245 2154 id
1269 2093 1327 2162 est,
1352 2088 1431 2153 illud
1455 2087 1557 2152 veris-

441 2217 519 2282 sime
532 2216 659 2281 statuit:
674 2214 819 2280 Ciceroni
827 2237 891 2279 non
900 2218 1067 2297 tantopere
1078 2214 1333 2297 exprobrandum
1343 2234 1410 2277 csse
1418 2233 1556 2276 errorem

441 2340 588 2407 omnibus
612 2360 711 2422 paene
731 2338 872 2421 antiquis
889 2359 1100 2402 communem.
1125 2336 1301 2402 Ferendum
1319 2340 1403 2402 certe
1420 2358 1484 2400 non
1508 2338 1557 2399 est

441 2466 572 2548 propter
595 2460 676 2528 illud
700 2463 852 2546 temporis
870 2461 971 2545 magis
988 2483 1085 2544 quam
1104 2459 1243 2524 hominis
1263 2461 1379 2526 vitium
1396 2459 1557 2526 Ciceronis

441 2590 575 2654 virtutes
595 2592 627 2653 ct
649 2587 814 2673 praeclara
837 2586 952 2651 merita
974 2591 1031 2652 aut
1053 2587 1192 2670 turpiter
1215 2585 1326 2672 negari
1348 2588 1407 2650 aut
1429 2584 1557 2679 silentio

440 2713 617 2799 praeteriri.

486 2839 531 2904 Aa
573 2842 642 2902 erat
683 2837 792 2904 Cicero
829 2836 952 2924 gloriae
993 2837 1232 2920 cupidissimus,
1259 2839 1317 2900 aut
1358 2834 1494 2911 saltem,
1530 2834 1558 2898 si

441 2962 632 3040 Quintiliani
663 2963 842 3027 mitioribus
875 2962 978 3027 verbis
1010 2961 1059 3026 uti
1087 2960 1180 3025 malis
1212 2959 1364 3024 »minime
1398 2958 1448 3022 sui
1480 2979 1556 3023 oon-

440 3088 601 3171 ternptor’'
623 3087 662 3173 1).
686 3087 798 3172 Neque
814 3085 894 3152 illud
912 3087 1057 3171 equidem
1074 3086 1204 3150 infitior.
1224 3084 1318 3150 Certe
1330 3085 1500 3166 postquam
1516 3081 1556 3146 ad

441 3212 572 3276 honoris
595 3210 720 3276 culmen
744 3210 895 3288 ascendit,
919 3210 1107 3275 insolentius
1133 3232 1166 3274 se
1185 3210 1309 3294 jactare
1332 3206 1464 3272 solebat.
1493 3205 1556 3270 At·

440 3339 547 3401 tamen
567 3334 633 3399 noli
657 3335 799 3420 graviter
822 3333 914 3412 terre,
938 3333 965 3398 si
988 3333 1091 3398 dicam
1114 3333 1200 3416 quod
1223 3331 1339 3398 sentio:
1372 3329 1556 3396 Ciceronem

440 3461 571 3542 propter
591 3458 696 3542 ipsum
711 3457 792 3522 illud
808 3457 933 3544 gloriae
951 3457 1092 3522 studium
1105 3456 1266 3541 plerisque
1286 3455 1475 3539 aequalibus
1494 3455 1559 3520 suis

438 3581 646 3667 praestitisse,
671 3604 707 3646 eo
731 3583 833 3669 magis
856 3582 941 3666 quod
966 3603 1029 3645 non
1051 3581 1218 3667 magnifice
1235 3581 1273 3644 de
1290 3603 1323 3646 se
1339 3580 1432 3646 dictis
1448 3582 1554 3666 potius

439 3729 535 3791 quam
560 3706 638 3770 bene
662 3711 694 3771 et
717 3707 879 3790 praeclare
903 3707 1001 3791 gestis
1025 3704 1147 3792 gloriae
1166 3705 1335 3771 studuerit.
1359 3705 1452 3771 Beati
1470 3707 1555 3770 enim

439 3851 506 3894 esse
530 3851 639 3894 omnes
659 3830 819 3908 volumus,
836 3831 899 3907 sed,
919 3830 1070 3912 quoniam
1083 3829 1151 3894 sine
1163 3829 1268 3914 gloria
1279 3830 1444 3896 beatitudo
1460 3831 1555 3914 plena

439 3958 535 4038 atque
559 3955 699 4040 perfecta
720 3959 769 4019 est
793 3955 894 4032 nulla,
917 3977 1010 4020 nemo
1033 3954 1172 4038 prudens
1196 3975 1303 4018 veram
1325 3953 1463 4041 gloriam
1479 3977 1554 4020 con-

437 4084 579 4144 temnere
591 4083 708 4164 potest.
733 4078 814 4154 Quid
827 4079 910 4143 enim
923 4082 971 4143 est
984 4077 1110 4164 gloria?
1127 4117 1169 4126 -
1185 4077 1223 4141 In
1236 4077 1400 4162 praeclaro
1412 4077 1553 4161 proemio

438 4202 665 4286 disputationis
689 4202 890 4268 Tusculanae
913 4201 1037 4280 tertiae,
1051 4201 1137 4266 inter
1153 4206 1274 4266 ceteros
1290 4224 1370 4286 quos
1389 4206 1554 4267 enumerat

438 4364 599 4372 -α

474 4465 502 4535 q
521 4465 631 4532 ouran.
649 4468 668 4521 1.
687 4468 743 4522 xu.
762 4473 787 4524 r.
