3406 5496
972 653 1014 722 38

436 867 522 936 enim
540 868 697 934 virtutum
713 866 938 952 vitiorumque,
955 866 1031 932 boni
1047 866 1187 952 malique
1204 865 1386 953 cognitione
1411 868 1557 933 instruc·

436 996 489 1058 tus
515 1015 580 1058 non
609 992 672 1069 sit,
695 1013 752 1056 nec
777 990 942 1056 hominum
973 991 1041 1080 ἤθη
1071 995 1104 1058 et
1133 991 1232 1079 πάθη
1252 995 1285 1056 et
1308 991 1493 1077 dignoscere
1516 995 1552 1056 et
1606 1057 1612 1066 ,

435 1120 575 1181 tractare
597 1115 754 1193 didicerit,
777 1137 913 1200 magnus
937 1137 1013 1180 sane
1036 1120 1144 1182 orator
1168 1138 1236 1182 esse
1258 1138 1323 1181 non
1344 1119 1459 1201 potest.

480 1241 561 1305 Tum
586 1241 691 1304 ridens
707 1238 872 1305 Scaevola:
898 1238 992 1303 >Non
1009 1239 1157 1305 luctabor
1169 1245 1285 1319 tecum,
1298 1241 1415 1326 inquit,
1428 1237 1552 1314 Crasse,

435 1364 605 1448 amplius.”
629 1363 681 1428 Ita
701 1365 768 1448 jam
792 1363 876 1428 iuter
899 1385 932 1427 se
956 1363 1149 1428 conveniunt
1167 1364 1271 1442 amici,
1289 1367 1326 1428 ut
1344 1364 1425 1429 alter
1441 1383 1554 1426 omnes

436 1492 521 1554 artes
549 1488 773 1570 doctrinasque
808 1488 953 1570 proprias
980 1509 1048 1552 esse
1083 1488 1221 1552 oratoris
1244 1493 1361 1574 neget,
1389 1487 1472 1550 alter
1496 1507 1551 1549 eas

435 1634 545 1677 omnes
578 1611 714 1676 oratoris
736 1611 869 1675 comites
900 1631 936 1674 ac
967 1610 1130 1675 ministras
1158 1611 1263 1678 facist.
1300 1611 1412 1695 Neque
1444 1609 1552 1674 omnia

435 1741 543 1801 temen
567 1734 718 1800 Scaevola
730 1735 888 1808 concedit;
901 1733 1028 1798 dubitat
1047 1734 1143 1811 enim,
1159 1757 1200 1799 an
1216 1756 1279 1799 non
1300 1735 1372 1818 plus
1393 1733 1552 1797 tributum

436 1862 478 1926 sit
501 1860 642 1944 perfecto
666 1859 797 1936 oratori,
820 1881 918 1942 quem
942 1861 1037 1922 reset
1052 1859 1170 1923 veritas
1186 1859 1352 1924 concedat:
1376 1857 1443 1941 lpsi
1466 1857 1551 1922 euim

435 1983 550 2050 Crasso
579 1981 659 2046 nihil
685 1982 814 2058 deesse,
845 1982 930 2065 quod
960 1982 994 2045 in
1017 1981 1198 2046 forensibus
1223 1981 1318 2046 rebus
1340 1981 1552 2064 civilibusque

435 2111 589 2185 versetur,
614 2128 716 2192 neque
740 2129 808 2170 eam
823 2108 930 2169 tamen
943 2105 1120 2180 scientiam,
1138 2127 1234 2189 quam
1252 2104 1407 2190 adjungat
1419 2104 1551 2179 oratori,

434 2232 616 2315 amplexum
640 2253 717 2295 esse.
742 2230 874 2295 Fatetur
893 2251 983 2292 suam
1006 2227 1222 2312 ignorantiam
1244 2228 1388 2306 Crassus,
1408 2226 1551 2310 illudque

435 2354 616 2420 meminisse
646 2354 749 2438 jubet,
786 2376 819 2418 se
843 2374 907 2416 non
930 2352 968 2416 de
991 2375 1049 2418 sua
1080 2353 1134 2417 sed
1162 2353 1201 2417 de
1232 2353 1367 2417 oratoris
1395 2350 1551 2416 facultate

435 2477 573 2554 dixisse3
597 2481 707 2562 atque:
734 2477 837 2552 »Quid
860 2498 978 2548 censes,
995 2476 1112 2560 inquit,
1135 2475 1162 2539 si
1183 2475 1222 2538 ad
1239 2474 1374 2559 alicujus
1385 2473 1552 2559 ingenium

436 2602 488 2668 vel
510 2602 625 2686 majus,
647 2601 706 2666 illa
729 2622 810 2684 quae
834 2623 895 2686 ego
919 2621 983 2664 non
1006 2599 1103 2685 attigi
1125 2598 1335 2676 accesserint,
1358 2598 1485 2682 qualem
1509 2597 1553 2661 il-

434 2727 502 2793 lum
525 2730 558 2792 et
581 2729 737 2810 quantum
761 2729 921 2791 oratorem
944 2723 1120 2790 futurum.”

481 2850 563 2926 Quid
586 2854 693 2915 autem
716 2848 887 2926 Antonius,
911 2849 1000 2932 cujus
1018 2849 1087 2931 jam
1110 2845 1255 2930 sequitur
1278 2845 1409 2911 oratio?
1432 2847 1555 2912 Narrat

437 2973 514 3051 ille,
537 2995 618 3058 quae
642 2972 717 3038 olim
742 2971 881 3036 Athenis
903 2971 1048 3036 homines
1071 2968 1292 3046 doctissimos,
1316 2969 1554 3049 Mnesarchum,

436 3095 660 3173 Charmadam,
683 3095 903 3160 Menedemum
915 3095 1000 3159 inter
1014 3116 1048 3159 se
1060 3093 1260 3178 disputantes
1271 3093 1429 3159 audiverit
1447 3096 1486 3159 de
1503 3094 1555 3158 of-

436 3220 509 3285 ficio
531 3224 564 3284 et
586 3218 711 3283 ratione
731 3217 876 3284 oratoris.
890 3217 1073 3282 Orationem
1090 3216 1271 3282 Mnesarchi
1291 3216 1399 3296 Stoici,
1419 3220 1474 3303 qui
1486 3219 1554 3284 elo-

265 3329 270 3338 ’
327 3379 329 3384 -
436 3343 601 3428 quantiam
626 3342 778 3407 virtutem
808 3341 948 3425 aliquam
978 3341 1097 3406 diceret
1120 3340 1315 3425 eandemque
1345 3343 1554 3426 sapientiam,

436 3467 596 3552 spinosam
608 3465 669 3530 sibi
680 3469 713 3530 et
724 3465 839 3530 exilem
850 3464 1010 3550 longeque
1021 3464 1266 3529 altomenorum
1277 3466 1422 3530 sensibus
1434 3467 1554 3530 ahhor-

437 3612 506 3655 rere
529 3590 630 3655 visam
654 3611 732 3653 esse.
756 3589 861 3674 Magis
877 3587 1033 3672 placuisse
1046 3587 1238 3670 opinionem,
1251 3610 1347 3672 quam
1360 3593 1471 3653 contra
1482 3589 1551 3654 Me-

436 3713 604 3778 nedemum
635 3712 797 3777 rhetorem
827 3710 1010 3776 defenderet
1033 3709 1226 3776 Charmadas
1246 3711 1469 3777 Academicus:
1493 3735 1551 3777 ne·

436 3837 555 3902 minem
567 3859 659 3921 posse
670 3836 858 3901 facultatem
871 3835 996 3919 assequi
1010 3834 1143 3910 dicendi,
1152 3835 1276 3920 nisiqui
1286 3836 1551 3921 philosophorum

435 3961 566 4026 iuventa
592 3959 767 4034 didicisset3
796 3959 919 4024 nullam
943 3964 1049 4023 tamen
1073 3979 1140 4023 esse
1162 3963 1265 4024 artem
1288 3960 1420 4025 dicendi.
1447 3959 1551 4035 Quam

436 4084 627 4149 sententiam
639 4084 742 4148 tribus
755 4105 827 4148 eum
840 4081 1017 4146 rationibus
1032 4083 1233 4147 confirmasse
1246 4104 1254 4146 τ
1272 4105 1347 4162 una,
1363 4083 1449 4167 quod
1461 4083 1552 4148 nulla

436 4210 518 4272 esset
531 4227 583 4271 ars
596 4228 828 4282 earumrerum,
841 4209 1044 4289 quassatum
1052 4205 1139 4282 duce,
1148 4206 1386 4283 consuetudine,
1396 4207 1549 4272 exercita·

435 4329 522 4395 tione
541 4329 633 4394 facile
645 4330 851 4418 addiscimus:
871 4331 984 4406 altera,
997 4329 1082 4412 quod
1094 4351 1187 4394 nemo
1204 4350 1324 4407 eorum,
1341 4330 1395 4414 qui
1408 4351 1441 4395 se
1454 4330 1550 4414 hujus

436 4452 514 4518 artis
538 4453 708 4538 scriptores
731 4454 970 4537 profiterentur,
990 4452 1039 4516 vel
1057 4452 1257 4519 mediocriter
1274 4453 1411 4520 disertus
1425 4454 1547 4520 fuisset,
