3432 5498
940 641 1003 715 108

409 875 502 922 usum
524 852 630 941 potior
653 861 723 923 erat
745 861 778 924 ct
800 858 911 924 ordine
933 862 1068 926 naturae
1092 865 1177 927 certe
1200 859 1299 946 prior,
1322 863 1425 926 totam
1447 859 1527 926 reli·

409 979 581 1064 querunt.'’
596 979 621 1065 ¹)
642 979 702 1046 Sed
725 981 759 1045 in
782 981 949 1048 dialectica
972 983 1151 1068 spinosiora
1170 986 1276 1050 omnia
1303 984 1530 1050 sectabantur:

409 1101 528 1167 relictis
547 1103 735 1183 rationibus,
759 1126 839 1188 quae
857 1105 1045 1189 simpliciter
1056 1108 1217 1185 dicuntur,
1232 1130 1312 1192 quas
1327 1131 1445 1194 magna
1456 1113 1529 1173 arte

410 1230 601 1310 exposuerat
621 1225 823 1304 Aristoteles,
835 1229 908 1294 illas
919 1230 1036 1314 potius,
1049 1253 1132 1316 quae
1155 1231 1324 1314 conjuncte
1341 1231 1533 1308 efferuntur,

410 1349 615 1416 vehementer
636 1352 670 1416 in
693 1350 815 1417 deliciis
838 1351 1011 1419 habebant.
1035 1353 1143 1440 Atqde
1165 1355 1227 1419 hoo
1250 1354 1453 1439 reprehendit
1476 1353 1534 1419 Ci-

411 1495 498 1540 cero:
524 1474 596 1539 »Ad
619 1479 809 1553 extremum,
837 1477 953 1560 inquit,
973 1477 1035 1561 ipsi
1058 1499 1092 1542 se
1115 1482 1336 1564 compungunt
1365 1478 1431 1542 suis
1453 1500 1534 1545 acu·

410 1598 550 1663 minibus
573 1603 606 1663 et
629 1599 732 1665 multa
759 1601 939 1683 quaerendo
962 1601 1127 1687 reperiunt
1149 1624 1214 1668 non
1244 1601 1337 1666 modo
1365 1623 1424 1678 ea,
1447 1623 1533 1686 quae

349 1777 351 1782 .
407 1722 476 1805 jam
509 1743 572 1788 non
608 1723 731 1807 possint
764 1723 826 1808 ipsi
859 1719 1054 1802 dissolvere,
1088 1724 1143 1790 sed
1177 1727 1274 1790 etiam
1307 1726 1423 1810 quibus
1453 1729 1533 1790 ante

415 1849 528 1911 exorta
562 1851 594 1910 et
617 1849 723 1931 potius
746 1848 876 1913 detexta
898 1869 997 1932 prope
1019 1849 1235 1914 retexantur.‘'
1250 1855 1276 1933 ²)

455 1967 666 2034 Statuendnm
690 1971 809 2056 igitur,
834 1970 861 2034 si
891 1971 967 2053 quid
997 1973 1099 2049 video,
1127 1971 1325 2049 Ciceronem,
1350 1971 1407 2036 ubi
1429 1972 1533 2037 disse-

411 2093 501 2160 rendi
519 2093 733 2160 subtilitatem
745 2094 904 2181 largiatur
916 2096 1050 2160 inertiae
1063 2099 1208 2174 nostrae,
1224 2095 1405 2162 Stoicorum
1421 2095 1532 2180 spinas

410 2218 611 2302 potissimum
645 2221 804 2301 spectasse
845 2218 999 2304 illamque
1042 2220 1217 2284 disserendi
1257 2218 1337 2282 artis
1378 2223 1529 2302 partem,

411 2362 513 2424 quae,
544 2362 616 2405 cum
647 2342 811 2426 judicandi
842 2343 909 2408 vias
947 2347 1182 2427 persequatur,
1204 2342 1389 2429 διαλεκτική
1421 2342 1533 2426 appel·

410 2463 513 2538 letur;
551 2464 606 2528 ubi
636 2486 711 2530 vero
743 2465 809 2530 sive
838 2466 871 2531 in
895 2465 1106 2544 Tusculanis,
1129 2468 1196 2532 sive
1225 2467 1259 2532 in
1282 2466 1364 2531 libro
1396 2467 1452 2549 qui
1479 2467 1533 2531 in-

411 2584 562 2652 scribitur
586 2587 744 2654 ›Orator''
768 2629 806 2638 —
839 2594 872 2654 et
901 2592 928 2655 si
963 2592 1019 2675 qui
1046 2597 1122 2656 sunt
1157 2589 1212 2655 alii
1246 2589 1309 2654 loci
1343 2590 1464 2655 similes
1490 2626 1530 2636 -

410 2711 584 2778 disserendi
614 2716 717 2778 artem
750 2693 878 2792 laudat,
902 2715 992 2780 illam
1019 2714 1250 2792 commendere,
1282 2737 1380 2800 quam
1408 2720 1463 2780 »et
1489 2715 1532 2780 ad

408 2856 502 2902 usum
523 2835 681 2920 potiorem
705 2840 737 2901 et
765 2838 875 2904 ordine
898 2844 1033 2905 naturae
1055 2841 1141 2903 certe
1175 2836 1337 2922 priorem’'
1361 2838 1524 2916 aestimat,

410 2955 549 3046 τοπικήν
572 2979 628 3025 sen
650 2961 833 3026 inveniendi
856 2961 1070 3045 disciplinam.

455 3082 587 3148 Certum
610 3087 659 3148 est
681 3084 766 3149 enim
789 3085 872 3149 hanc
895 3084 1158 3151 inveniendorum
1185 3087 1451 3170 argumentorum
1464 3084 1530 3148 dis-

411 3206 562 3291 ciplinam
586 3206 626 3271 ab
649 3205 825 3273 Aristotele
848 3207 1013 3273 inventam
1032 3247 1069 3256 -
1082 3229 1224 3273 nonuno
1248 3208 1391 3273 alterove
1410 3209 1530 3274 aetatis

411 3354 506 3410 anno,
530 3333 585 3397 sed
611 3354 667 3416 per
691 3354 784 3398 omne
809 3333 893 3399 vitae
916 3338 1043 3418 tempus
1066 3332 1212 3398 Ciceroni
1235 3352 1431 3418 magnopere
1458 3330 1532 3415 pla-

411 3456 524 3523 cuisse.
554 3455 629 3521 Jam
654 3455 806 3522 inlibris
832 3457 892 3521 »de
916 3456 1126 3522 Inventione”
1160 3455 1298 3521 multum
1320 3454 1358 3520 de
1381 3453 1440 3520 illa
1466 3454 1532 3519 dis·

410 3581 529 3664 putat3
551 3578 585 3643 in
609 3578 843 3644 Partitionibus
864 3578 1023 3646 Oratoriis
1047 3583 1080 3644 et
1102 3579 1136 3644 in
1159 3578 1210 3644 his
1232 3578 1311 3660 ipsis
1333 3578 1372 3643 da
1396 3577 1532 3644 Oratore

409 3701 502 3768 libris
525 3705 629 3767 totam
650 3701 741 3766 illam
765 3701 945 3768 doctrinam
963 3705 1112 3768 accurate
1123 3701 1365 3789 complectitur3
1382 3702 1416 3767 in
1430 3702 1533 3768 ›Ora-

411 3825 500 3892 tore”
533 3826 781 3909 prudentissime
816 3826 854 3889 de
885 3825 1030 3890 locorum
1065 3847 1125 3890 usu
1155 3826 1298 3892 disserit:
1334 3825 1470 3909 denique
1498 3825 1532 3888 in

411 3947 539 4033 Topicis
559 3949 624 4012 suis
647 3948 688 4012 ad
711 3947 897 4012 Trebatium
910 3947 1196 4033 eacollogit,quae
1219 3948 1252 4012 in
1276 3947 1341 4013 Vll
1353 3933 1534 4032 topicorum

410 4071 501 4137 libris
531 4070 706 4158 Stagirites
737 4072 857 4136 oratori
881 4071 999 4136 forensi
1029 4070 1133 4156 magis
1166 4071 1316 4156 prodesse
1339 4071 1533 4136 viderentur.

468 4459 496 4530 1)
516 4460 582 4532 Top.
603 4460 619 4530 5
638 4463 709 4530 6,-
728 4462 757 4527 d)
776 4460 815 4515 De
833 4458 877 4514 Or.
897 4458 1001 4515 11158.
