<?xml version="1.0" encoding="UTF-8"?>
<!DOCTYPE html PUBLIC "-//W3C//DTD XHTML 1.0 Transitional//EN"
    "http://www.w3.org/TR/xhtml1/DTD/xhtml1-transitional.dtd">
<html xmlns="http://www.w3.org/1999/xhtml" xml:lang="en" lang="en">
 <head>
  <title>
</title>
<meta http-equiv="Content-Type" content="text/html;charset=utf-8" />
  <meta name='ocr-system' content='tesseract 3.04.00' />
  <meta name='ocr-capabilities' content='ocr_page ocr_carea ocr_par ocr_line ocrx_word'/>
</head>
<body>
  <div class='ocr_page' id='page_1' title='image "./demtulliicicero00vessgoog_0045.png"; bbox 0 0 3406 5496; ppageno 0'>
   <div class='ocr_carea' id='block_1_1' title="bbox 989 609 1164 694">
    <p class='ocr_par' dir='ltr' id='par_1_1' title="bbox 989 609 1164 694">
     <span class='ocr_line' id='line_1_1' title="bbox 989 609 1164 694; baseline 0 0"><span class='ocrx_word' id='word_1_1' title='bbox 989 609 1164 694; x_wconf 76' lang='lat' dir='ltr'>ar&#39;</span> 
     </span>
    </p>
   </div>
   <div class='ocr_carea' id='block_1_2' title="bbox 450 840 1569 1052">
    <p class='ocr_par' dir='ltr' id='par_1_2' title="bbox 450 840 1569 1052">
     <span class='ocr_line' id='line_1_2' title="bbox 450 840 1567 930; baseline -0.001 -22"><span class='ocrx_word' id='word_1_2' title='bbox 450 863 554 928; x_wconf 88' lang='lat' dir='ltr'>neque</span> <span class='ocrx_word' id='word_1_3' title='bbox 576 840 717 928; x_wconf 88' lang='lat' dir='ltr'>praemia</span> <span class='ocrx_word' id='word_1_4' title='bbox 738 841 857 922; x_wconf 87' lang='lat' dir='ltr'>desint,</span> <span class='ocrx_word' id='word_1_5' title='bbox 880 841 1098 908; x_wconf 79' lang='lat' dir='ltr'><strong>incredibilem</strong></span> <span class='ocrx_word' id='word_1_6' title='bbox 1122 843 1169 908; x_wconf 90' lang='lat' dir='ltr'>rei</span> <span class='ocrx_word' id='word_1_7' title='bbox 1193 842 1447 930; x_wconf 72' lang='lat' dir='ltr'><strong>magnitudinem</strong></span> <span class='ocrx_word' id='word_1_8' title='bbox 1471 846 1567 928; x_wconf 86' lang='lat' dir='ltr'>atque</span> 
     </span>
     <span class='ocr_line' id='line_1_3' title="bbox 452 965 1569 1052; baseline 0 -22"><span class='ocrx_word' id='word_1_9' title='bbox 452 966 673 1032; x_wconf 84' lang='lat' dir='ltr'>difficultatem</span> <span class='ocrx_word' id='word_1_10' title='bbox 691 967 899 1033; x_wconf 85' lang='lat' dir='ltr'>demonstret.</span> <span class='ocrx_word' id='word_1_11' title='bbox 924 966 961 1032; x_wconf 87' lang='lat' dir='ltr'>Id</span> <span class='ocrx_word' id='word_1_12' title='bbox 975 967 1061 1051; x_wconf 87' lang='lat' dir='ltr'>quod</span> <span class='ocrx_word' id='word_1_13' title='bbox 1080 989 1117 1034; x_wconf 87' lang='lat' dir='ltr'>eo</span> <span class='ocrx_word' id='word_1_14' title='bbox 1129 967 1317 1052; x_wconf 73' lang='lat' dir='ltr'>explicatur,</span> <span class='ocrx_word' id='word_1_15' title='bbox 1334 967 1420 1052; x_wconf 91' lang='lat' dir='ltr'>quod</span> <span class='ocrx_word' id='word_1_16' title='bbox 1432 965 1569 1032; x_wconf 87' lang='lat' dir='ltr'>oratoris</span> 
     </span>
    </p>
   </div>
   <div class='ocr_carea' id='block_1_3' title="bbox 452 1089 1567 1175">
    <p class='ocr_par' dir='ltr' id='par_1_3' title="bbox 452 1089 1567 1175">
     <span class='ocr_line' id='line_1_4' title="bbox 452 1089 1567 1175; baseline -0.003 -19"><span class='ocrx_word' id='word_1_17' title='bbox 452 1113 568 1156; x_wconf 90' lang='lat' dir='ltr'>munus</span> <span class='ocrx_word' id='word_1_18' title='bbox 591 1091 633 1155; x_wconf 81' lang='lat' dir='ltr'>sit</span> <span class='ocrx_word' id='word_1_19' title='bbox 655 1091 802 1175; x_wconf 87' lang='lat' dir='ltr'>pluribus</span> <span class='ocrx_word' id='word_1_20' title='bbox 825 1113 864 1155; x_wconf 85' lang='lat' dir='ltr'>ex</span> <span class='ocrx_word' id='word_1_21' title='bbox 886 1091 1009 1156; x_wconf 89' lang='lat' dir='ltr'>artibus</span> <span class='ocrx_word' id='word_1_22' title='bbox 1024 1090 1202 1174; x_wconf 85' lang='lat' dir='ltr'>studiisque</span> <span class='ocrx_word' id='word_1_23' title='bbox 1220 1089 1399 1155; x_wconf 91' lang='lat' dir='ltr'>collectum.</span> <span class='ocrx_word' id='word_1_24' title='bbox 1423 1089 1567 1154; x_wconf 88' lang='lat' dir='ltr'>Primum</span> 
     </span>
    </p>
   </div>
   <div class='ocr_carea' id='block_1_4' title="bbox 451 1213 1566 2408">
    <p class='ocr_par' dir='ltr' id='par_1_4' title="bbox 451 1213 1566 2408">
     <span class='ocr_line' id='line_1_5' title="bbox 452 1213 1565 1300; baseline 0 -22"><span class='ocrx_word' id='word_1_25' title='bbox 452 1215 578 1298; x_wconf 88' lang='lat' dir='ltr'>quidem</span> <span class='ocrx_word' id='word_1_26' title='bbox 604 1237 670 1278; x_wconf 90' lang='lat' dir='ltr'>esse</span> <span class='ocrx_word' id='word_1_27' title='bbox 693 1216 857 1280; x_wconf 85' lang='lat' dir='ltr'>scientiam</span> <span class='ocrx_word' id='word_1_28' title='bbox 882 1215 1208 1300; x_wconf 86' lang='lat' dir='ltr'>comprehendendam</span> <span class='ocrx_word' id='word_1_29' title='bbox 1220 1236 1325 1279; x_wconf 88' lang='lat' dir='ltr'>rerum</span> <span class='ocrx_word' id='word_1_30' title='bbox 1342 1213 1565 1298; x_wconf 86' lang='lat' dir='ltr'>plurimarum,</span> 
     </span>
     <span class='ocr_line' id='line_1_6' title="bbox 451 1337 1565 1415; baseline 0 -13"><span class='ocrx_word' id='word_1_31' title='bbox 451 1339 523 1403; x_wconf 90' lang='lat' dir='ltr'>dein</span> <span class='ocrx_word' id='word_1_32' title='bbox 547 1338 650 1404; x_wconf 89' lang='lat' dir='ltr'>multa</span> <span class='ocrx_word' id='word_1_33' title='bbox 677 1339 774 1404; x_wconf 88' lang='lat' dir='ltr'>etiarn</span> <span class='ocrx_word' id='word_1_34' title='bbox 798 1338 862 1404; x_wconf 86' lang='lat' dir='ltr'>alia</span> <span class='ocrx_word' id='word_1_35' title='bbox 890 1339 1067 1404; x_wconf 82' lang='lat' dir='ltr'>necessarie</span> <span class='ocrx_word' id='word_1_36' title='bbox 1098 1361 1188 1415; x_wconf 76' lang='lat' dir='ltr'>esse3</span> <span class='ocrx_word' id='word_1_37' title='bbox 1218 1339 1355 1404; x_wconf 86' lang='lat' dir='ltr'>oratoris</span> <span class='ocrx_word' id='word_1_38' title='bbox 1382 1337 1467 1402; x_wconf 90' lang='lat' dir='ltr'>enim</span> <span class='ocrx_word' id='word_1_39' title='bbox 1499 1359 1565 1402; x_wconf 84' lang='lat' dir='ltr'>esse</span> 
     </span>
     <span class='ocr_line' id='line_1_7' title="bbox 451 1461 1565 1549; baseline -0.004 -19"><span class='ocrx_word' id='word_1_40' title='bbox 451 1464 539 1530; x_wconf 91' lang='lat' dir='ltr'>omni</span> <span class='ocrx_word' id='word_1_41' title='bbox 561 1463 600 1529; x_wconf 86' lang='lat' dir='ltr'>de</span> <span class='ocrx_word' id='word_1_42' title='bbox 624 1485 669 1541; x_wconf 89' lang='lat' dir='ltr'>rc,</span> <span class='ocrx_word' id='word_1_43' title='bbox 692 1485 911 1548; x_wconf 83' lang='lat' dir='ltr'>quaecumque</span> <span class='ocrx_word' id='word_1_44' title='bbox 934 1463 1163 1549; x_wconf 87' lang='lat' dir='ltr'>sitproposita,</span> <span class='ocrx_word' id='word_1_45' title='bbox 1184 1466 1296 1528; x_wconf 87' lang='lat' dir='ltr'>ornate</span> <span class='ocrx_word' id='word_1_46' title='bbox 1312 1461 1502 1548; x_wconf 77' lang='lat' dir='ltr'>copioseque</span> <span class='ocrx_word' id='word_1_47' title='bbox 1518 1461 1565 1526; x_wconf 89' lang='lat' dir='ltr'>di-</span> 
     </span>
     <span class='ocr_line' id='line_1_8' title="bbox 451 1583 1565 1674; baseline -0.004 -21"><span class='ocrx_word' id='word_1_48' title='bbox 451 1609 538 1664; x_wconf 84' lang='lat' dir='ltr'>ccrs;</span> <span class='ocrx_word' id='word_1_49' title='bbox 574 1588 732 1653; x_wconf 87' lang='lat' dir='ltr'>neminem</span> <span class='ocrx_word' id='word_1_50' title='bbox 758 1587 859 1674; x_wconf 88' lang='lat' dir='ltr'>igitur</span> <span class='ocrx_word' id='word_1_51' title='bbox 882 1588 968 1651; x_wconf 88' lang='lat' dir='ltr'>omni</span> <span class='ocrx_word' id='word_1_52' title='bbox 992 1587 1086 1652; x_wconf 86' lang='lat' dir='ltr'>laude</span> <span class='ocrx_word' id='word_1_53' title='bbox 1108 1585 1308 1652; x_wconf 88' lang='lat' dir='ltr'>cumulatum</span> <span class='ocrx_word' id='word_1_54' title='bbox 1332 1607 1415 1663; x_wconf 89' lang='lat' dir='ltr'>esse,</span> <span class='ocrx_word' id='word_1_55' title='bbox 1438 1583 1499 1649; x_wconf 93' lang='lat' dir='ltr'>nisi</span> <span class='ocrx_word' id='word_1_56' title='bbox 1522 1584 1565 1650; x_wconf 89' lang='lat' dir='ltr'>sit</span> 
     </span>
     <span class='ocr_line' id='line_1_9' title="bbox 451 1710 1565 1798; baseline -0.007 -19"><span class='ocrx_word' id='word_1_57' title='bbox 451 1713 595 1780; x_wconf 88' lang='lat' dir='ltr'>omnium</span> <span class='ocrx_word' id='word_1_58' title='bbox 624 1733 730 1776; x_wconf 88' lang='lat' dir='ltr'>rerum</span> <span class='ocrx_word' id='word_1_59' title='bbox 754 1732 943 1798; x_wconf 78' lang='lat' dir='ltr'>magnarum</span> <span class='ocrx_word' id='word_1_60' title='bbox 965 1715 1064 1796; x_wconf 87' lang='lat' dir='ltr'>atque</span> <span class='ocrx_word' id='word_1_61' title='bbox 1086 1712 1204 1776; x_wconf 90' lang='lat' dir='ltr'>artium</span> <span class='ocrx_word' id='word_1_62' title='bbox 1227 1710 1393 1777; x_wconf 90' lang='lat' dir='ltr'>scientiam</span> <span class='ocrx_word' id='word_1_63' title='bbox 1416 1729 1565 1774; x_wconf 87' lang='lat' dir='ltr'>consecu-</span> 
     </span>
     <span class='ocr_line' id='line_1_10' title="bbox 451 1834 1564 1921; baseline -0.004 -19"><span class='ocrx_word' id='word_1_64' title='bbox 451 1841 513 1902; x_wconf 91' lang='lat' dir='ltr'>tus.</span> <span class='ocrx_word' id='word_1_65' title='bbox 539 1836 687 1900; x_wconf 74' lang='lat' dir='ltr'>»Etenim</span> <span class='ocrx_word' id='word_1_66' title='bbox 713 1857 752 1900; x_wconf 88' lang='lat' dir='ltr'>ex</span> <span class='ocrx_word' id='word_1_67' title='bbox 774 1857 880 1900; x_wconf 88' lang='lat' dir='ltr'>rerum</span> <span class='ocrx_word' id='word_1_68' title='bbox 903 1836 1096 1921; x_wconf 72' lang='lat' dir='ltr'>cognitione,</span> <span class='ocrx_word' id='word_1_69' title='bbox 1119 1836 1235 1921; x_wconf 90' lang='lat' dir='ltr'>inquit,</span> <span class='ocrx_word' id='word_1_70' title='bbox 1259 1834 1438 1900; x_wconf 88' lang='lat' dir='ltr'>efflorescat</span> <span class='ocrx_word' id='word_1_71' title='bbox 1461 1836 1494 1897; x_wconf 89' lang='lat' dir='ltr'>et</span> <span class='ocrx_word' id='word_1_72' title='bbox 1515 1856 1564 1898; x_wconf 91' lang='lat' dir='ltr'>re-</span> 
     </span>
     <span class='ocr_line' id='line_1_11' title="bbox 452 1957 1566 2046; baseline -0.004 -21"><span class='ocrx_word' id='word_1_73' title='bbox 452 1961 571 2025; x_wconf 88' lang='lat' dir='ltr'>dundet</span> <span class='ocrx_word' id='word_1_74' title='bbox 584 1963 711 2046; x_wconf 90' lang='lat' dir='ltr'>oportet</span> <span class='ocrx_word' id='word_1_75' title='bbox 721 1959 858 2024; x_wconf 83' lang='lat' dir='ltr'>cretio&#39;&#39;.</span> <span class='ocrx_word' id='word_1_76' title='bbox 873 1999 913 2008; x_wconf 90' lang='lat'>-</span> <span class='ocrx_word' id='word_1_77' title='bbox 933 1959 982 2025; x_wconf 91' lang='lat' dir='ltr'>Nc</span> <span class='ocrx_word' id='word_1_78' title='bbox 995 1964 1101 2025; x_wconf 89' lang='lat' dir='ltr'>tamen</span> <span class='ocrx_word' id='word_1_79' title='bbox 1113 1961 1275 2044; x_wconf 75' lang='lat' dir='ltr'>perfectae</span> <span class='ocrx_word' id='word_1_80' title='bbox 1287 1958 1488 2044; x_wconf 82' lang='lat' dir='ltr'>eloquentiae</span> <span class='ocrx_word' id='word_1_81' title='bbox 1507 1957 1566 2022; x_wconf 90' lang='lat' dir='ltr'>dif-</span> 
     </span>
     <span class='ocr_line' id='line_1_12' title="bbox 451 2081 1564 2168; baseline -0.002 -20"><span class='ocrx_word' id='word_1_82' title='bbox 451 2084 594 2151; x_wconf 89' lang='lat' dir='ltr'>ficultate</span> <span class='ocrx_word' id='word_1_83' title='bbox 619 2084 779 2149; x_wconf 89' lang='lat' dir='ltr'>deterreat</span> <span class='ocrx_word' id='word_1_84' title='bbox 802 2105 872 2162; x_wconf 87' lang='lat' dir='ltr'>sos,</span> <span class='ocrx_word' id='word_1_85' title='bbox 895 2106 975 2168; x_wconf 88' lang='lat' dir='ltr'>quos</span> <span class='ocrx_word' id='word_1_86' title='bbox 998 2083 1037 2148; x_wconf 89' lang='lat' dir='ltr'>ad</span> <span class='ocrx_word' id='word_1_87' title='bbox 1065 2106 1135 2149; x_wconf 90' lang='lat' dir='ltr'>eam</span> <span class='ocrx_word' id='word_1_88' title='bbox 1158 2082 1410 2168; x_wconf 89' lang='lat' dir='ltr'>persequendam</span> <span class='ocrx_word' id='word_1_89' title='bbox 1438 2081 1564 2147; x_wconf 88' lang='lat' dir='ltr'>allicere</span> 
     </span>
     <span class='ocr_line' id='line_1_13' title="bbox 451 2205 1563 2293; baseline -0.004 -19"><span class='ocrx_word' id='word_1_90' title='bbox 451 2209 571 2293; x_wconf 88' lang='lat' dir='ltr'>cupiat,</span> <span class='ocrx_word' id='word_1_91' title='bbox 593 2209 641 2273; x_wconf 88' lang='lat' dir='ltr'>ita</span> <span class='ocrx_word' id='word_1_92' title='bbox 663 2207 773 2272; x_wconf 82' lang='lat' dir='ltr'>statim</span> <span class='ocrx_word' id='word_1_93' title='bbox 796 2229 974 2272; x_wconf 86' lang='lat' dir='ltr'>sermonem</span> <span class='ocrx_word' id='word_1_94' title='bbox 997 2230 1090 2272; x_wconf 90' lang='lat' dir='ltr'>suum</span> <span class='ocrx_word' id='word_1_95' title='bbox 1112 2211 1288 2292; x_wconf 89' lang='lat' dir='ltr'>temperat,</span> <span class='ocrx_word' id='word_1_96' title='bbox 1320 2210 1358 2271; x_wconf 91' lang='lat' dir='ltr'>ut</span> <span class='ocrx_word' id='word_1_97' title='bbox 1381 2205 1508 2270; x_wconf 88' lang='lat' dir='ltr'>tametsi</span> <span class='ocrx_word' id='word_1_98' title='bbox 1531 2205 1563 2269; x_wconf 93' lang='lat' dir='ltr'>in</span> 
     </span>
     <span class='ocr_line' id='line_1_14' title="bbox 451 2329 1563 2408; baseline -0.005 -10"><span class='ocrx_word' id='word_1_99' title='bbox 451 2333 567 2398; x_wconf 88' lang='lat' dir='ltr'>summi</span> <span class='ocrx_word' id='word_1_100' title='bbox 596 2331 732 2396; x_wconf 89' lang='lat' dir='ltr'>oratoris</span> <span class='ocrx_word' id='word_1_101' title='bbox 762 2331 794 2396; x_wconf 85' lang='lat' dir='ltr'>vi</span> <span class='ocrx_word' id='word_1_102' title='bbox 823 2331 902 2396; x_wconf 90' lang='lat' dir='ltr'>haec</span> <span class='ocrx_word' id='word_1_103' title='bbox 933 2331 1040 2396; x_wconf 84' lang='lat' dir='ltr'>omnia</span> <span class='ocrx_word' id='word_1_104' title='bbox 1063 2331 1219 2398; x_wconf 86' lang='lat' dir='ltr'>contineri</span> <span class='ocrx_word' id='word_1_105' title='bbox 1241 2329 1425 2408; x_wconf 90' lang='lat' dir='ltr'>contendit,</span> <span class='ocrx_word' id='word_1_106' title='bbox 1455 2333 1563 2394; x_wconf 91' lang='lat' dir='ltr'>tamen</span> 
     </span>
    </p>
   </div>
   <div class='ocr_carea' id='block_1_5' title="bbox 450 2451 1684 2544">
    <p class='ocr_par' dir='ltr' id='par_1_5' title="bbox 450 2451 1684 2544">
     <span class='ocr_line' id='line_1_15' title="bbox 450 2451 1684 2544; baseline -0.003 -23"><span class='ocrx_word' id='word_1_107' title='bbox 450 2457 490 2522; x_wconf 90' lang='lat' dir='ltr'>iis</span> <span class='ocrx_word' id='word_1_108' title='bbox 512 2477 662 2544; x_wconf 83' lang='lat' dir='ltr'>quoque,</span> <span class='ocrx_word' id='word_1_109' title='bbox 686 2454 798 2540; x_wconf 92' lang='lat' dir='ltr'>quiin</span> <span class='ocrx_word' id='word_1_110' title='bbox 822 2455 899 2520; x_wconf 91' lang='lat' dir='ltr'>solis</span> <span class='ocrx_word' id='word_1_111' title='bbox 922 2455 1101 2520; x_wconf 83' lang='lat' dir='ltr'>forensibus</span> <span class='ocrx_word' id='word_1_112' title='bbox 1124 2455 1408 2540; x_wconf 86' lang='lat' dir='ltr'>disceptationibus</span> <span class='ocrx_word' id='word_1_113' title='bbox 1426 2451 1563 2537; x_wconf 85' lang='lat' dir='ltr'>judicio·</span> <span class='ocrx_word' id='word_1_114' title='bbox 1683 2515 1684 2526; x_wconf 67' lang='grc'>,</span> 
     </span>
    </p>
   </div>
   <div class='ocr_carea' id='block_1_6' title="bbox 451 2576 1562 2790">
    <p class='ocr_par' dir='ltr' id='par_1_6' title="bbox 451 2576 1562 2790">
     <span class='ocr_line' id='line_1_16' title="bbox 451 2576 1561 2659; baseline -0.004 -13"><span class='ocrx_word' id='word_1_115' title='bbox 451 2603 522 2646; x_wconf 88' lang='lat' dir='ltr'>rum</span> <span class='ocrx_word' id='word_1_116' title='bbox 557 2603 594 2646; x_wconf 91' lang='lat' dir='ltr'>ac</span> <span class='ocrx_word' id='word_1_117' title='bbox 616 2578 880 2646; x_wconf 88' lang='lat' dir='ltr'>deliberationum</span> <span class='ocrx_word' id='word_1_118' title='bbox 906 2584 1081 2659; x_wconf 86' lang='lat' dir='ltr'>versentur,</span> <span class='ocrx_word' id='word_1_119' title='bbox 1104 2581 1242 2646; x_wconf 87' lang='lat' dir='ltr'>oratoris</span> <span class='ocrx_word' id='word_1_120' title='bbox 1264 2601 1379 2646; x_wconf 88' lang='lat' dir='ltr'>nomen</span> <span class='ocrx_word' id='word_1_121' title='bbox 1402 2576 1561 2642; x_wconf 86' lang='lat' dir='ltr'>concedat.</span> 
     </span>
     <span class='ocr_line' id='line_1_17' title="bbox 451 2701 1562 2790; baseline -0.005 -22"><span class='ocrx_word' id='word_1_122' title='bbox 451 2705 585 2790; x_wconf 81' lang='lat' dir='ltr'>Itaque:</span> <span class='ocrx_word' id='word_1_123' title='bbox 611 2727 696 2768; x_wconf 82' lang='lat' dir='ltr'>»non</span> <span class='ocrx_word' id='word_1_124' title='bbox 719 2704 933 2789; x_wconf 81' lang='lat' dir='ltr'>complectar,</span> <span class='ocrx_word' id='word_1_125' title='bbox 963 2705 1088 2790; x_wconf 86' lang='lat' dir='ltr'>inquit,</span> <span class='ocrx_word' id='word_1_126' title='bbox 1118 2705 1151 2770; x_wconf 91' lang='lat' dir='ltr'>in</span> <span class='ocrx_word' id='word_1_127' title='bbox 1185 2704 1236 2770; x_wconf 86' lang='lat' dir='ltr'>his</span> <span class='ocrx_word' id='word_1_128' title='bbox 1258 2703 1349 2768; x_wconf 90' lang='lat' dir='ltr'>libris</span> <span class='ocrx_word' id='word_1_129' title='bbox 1372 2701 1562 2787; x_wconf 89' lang='lat' dir='ltr'>plusquam</span> 
     </span>
    </p>
   </div>
   <div class='ocr_carea' id='block_1_7' title="bbox 450 2829 1683 2916">
    <p class='ocr_par' dir='ltr' id='par_1_7' title="bbox 450 2829 1683 2916">
     <span class='ocr_line' id='line_1_18' title="bbox 450 2829 1683 2916; baseline -0.006 -22"><span class='ocrx_word' id='word_1_130' title='bbox 450 2830 536 2913; x_wconf 89' lang='lat' dir='ltr'>qnod</span> <span class='ocrx_word' id='word_1_131' title='bbox 560 2829 636 2895; x_wconf 91' lang='lat' dir='ltr'>huic</span> <span class='ocrx_word' id='word_1_132' title='bbox 657 2829 779 2914; x_wconf 82' lang='lat' dir='ltr'>generi,</span> <span class='ocrx_word' id='word_1_133' title='bbox 802 2852 836 2894; x_wconf 87' lang='lat' dir='ltr'>rc</span> <span class='ocrx_word' id='word_1_134' title='bbox 859 2829 1004 2916; x_wconf 89' lang='lat' dir='ltr'>quaesita</span> <span class='ocrx_word' id='word_1_135' title='bbox 1027 2835 1061 2894; x_wconf 90' lang='lat' dir='ltr'>et</span> <span class='ocrx_word' id='word_1_136' title='bbox 1082 2829 1220 2895; x_wconf 88' lang='lat' dir='ltr'>multum</span> <span class='ocrx_word' id='word_1_137' title='bbox 1236 2830 1410 2914; x_wconf 86' lang='lat' dir='ltr'>disputata,</span> <span class='ocrx_word' id='word_1_138' title='bbox 1422 2847 1562 2892; x_wconf 86' lang='lat' dir='ltr'>summo·</span> <span class='ocrx_word' id='word_1_139' title='bbox 1682 2833 1683 2846; x_wconf 63' lang='lat'>¹</span> 
     </span>
    </p>
   </div>
   <div class='ocr_carea' id='block_1_8' title="bbox 448 2951 1563 3909">
    <p class='ocr_par' dir='ltr' id='par_1_8' title="bbox 449 2951 1563 3267">
     <span class='ocr_line' id='line_1_19' title="bbox 450 2951 1562 3039; baseline -0.004 -21"><span class='ocrx_word' id='word_1_140' title='bbox 450 2977 522 3019; x_wconf 88' lang='lat' dir='ltr'>rum</span> <span class='ocrx_word' id='word_1_141' title='bbox 540 2955 706 3021; x_wconf 90' lang='lat' dir='ltr'>hominum</span> <span class='ocrx_word' id='word_1_142' title='bbox 730 2976 829 3039; x_wconf 89' lang='lat' dir='ltr'>prope</span> <span class='ocrx_word' id='word_1_143' title='bbox 852 2975 1007 3020; x_wconf 85' lang='lat' dir='ltr'>consensu</span> <span class='ocrx_word' id='word_1_144' title='bbox 1030 2958 1078 3018; x_wconf 90' lang='lat' dir='ltr'>est</span> <span class='ocrx_word' id='word_1_145' title='bbox 1102 2953 1291 3020; x_wconf 87' lang='lat' dir='ltr'>tributum”.</span> <span class='ocrx_word' id='word_1_146' title='bbox 1315 2951 1453 3036; x_wconf 89' lang='lat' dir='ltr'>Jamque</span> <span class='ocrx_word' id='word_1_147' title='bbox 1474 2955 1562 3015; x_wconf 89' lang='lat' dir='ltr'>tran-</span> 
     </span>
     <span class='ocr_line' id='line_1_20' title="bbox 450 3073 1563 3164; baseline -0.006 -21"><span class='ocrx_word' id='word_1_148' title='bbox 450 3078 493 3143; x_wconf 86' lang='lat' dir='ltr'>sit</span> <span class='ocrx_word' id='word_1_149' title='bbox 517 3079 556 3142; x_wconf 86' lang='lat' dir='ltr'>ad</span> <span class='ocrx_word' id='word_1_150' title='bbox 579 3078 683 3162; x_wconf 90' lang='lat' dir='ltr'>ipsum</span> <span class='ocrx_word' id='word_1_151' title='bbox 695 3077 858 3164; x_wconf 84' lang='lat' dir='ltr'>dialogum</span> <span class='ocrx_word' id='word_1_152' title='bbox 870 3077 1080 3157; x_wconf 89' lang='lat' dir='ltr'>referendum,</span> <span class='ocrx_word' id='word_1_153' title='bbox 1106 3077 1222 3143; x_wconf 79' lang='lat' dir='ltr'>»sicuti</span> <span class='ocrx_word' id='word_1_154' title='bbox 1239 3099 1311 3142; x_wconf 90' lang='lat' dir='ltr'>eum</span> <span class='ocrx_word' id='word_1_155' title='bbox 1325 3073 1563 3141; x_wconf 85' lang='lat' dir='ltr'>Cottanarrare</span> 
     </span>
     <span class='ocr_line' id='line_1_21' title="bbox 449 3201 605 3267; baseline -0.013 0"><span class='ocrx_word' id='word_1_156' title='bbox 449 3201 605 3267; x_wconf 86' lang='lat' dir='ltr'>solebat.&#39;’</span> 
     </span>
    </p>

    <p class='ocr_par' dir='ltr' id='par_1_9' title="bbox 448 3321 1562 3909">
     <span class='ocr_line' id='line_1_22' title="bbox 494 3321 1562 3412; baseline -0.004 -22"><span class='ocrx_word' id='word_1_157' title='bbox 494 3324 626 3391; x_wconf 84' lang='lat' dir='ltr'>Crassus</span> <span class='ocrx_word' id='word_1_158' title='bbox 641 3325 752 3412; x_wconf 84' lang='lat' dir='ltr'>igitur,</span> <span class='ocrx_word' id='word_1_159' title='bbox 765 3326 815 3409; x_wconf 90' lang='lat' dir='ltr'>cuj</span> <span class='ocrx_word' id='word_1_160' title='bbox 821 3348 857 3389; x_wconf 88' lang='lat' dir='ltr'>us</span> <span class='ocrx_word' id='word_1_161' title='bbox 869 3347 1030 3391; x_wconf 87' lang='lat' dir='ltr'>sermones</span> <span class='ocrx_word' id='word_1_162' title='bbox 1042 3325 1138 3410; x_wconf 85' lang='lat' dir='ltr'>longe</span> <span class='ocrx_word' id='word_1_163' title='bbox 1157 3327 1310 3410; x_wconf 89' lang='lat' dir='ltr'>majorem</span> <span class='ocrx_word' id='word_1_164' title='bbox 1327 3321 1562 3410; x_wconf 86' lang='lat' dir='ltr'>partemprimi</span> 
     </span>
     <span class='ocr_line' id='line_1_23' title="bbox 449 3449 1561 3535; baseline -0.004 -19"><span class='ocrx_word' id='word_1_165' title='bbox 449 3449 523 3516; x_wconf 91' lang='lat' dir='ltr'>libri</span> <span class='ocrx_word' id='word_1_166' title='bbox 547 3449 692 3533; x_wconf 90' lang='lat' dir='ltr'>impleut,</span> <span class='ocrx_word' id='word_1_167' title='bbox 716 3472 787 3514; x_wconf 84' lang='lat' dir='ltr'>curn</span> <span class='ocrx_word' id='word_1_168' title='bbox 811 3449 957 3514; x_wconf 88' lang='lat' dir='ltr'>aulaeum</span> <span class='ocrx_word' id='word_1_169' title='bbox 982 3450 1149 3533; x_wconf 89' lang='lat' dir='ltr'>premitur,</span> <span class='ocrx_word' id='word_1_170' title='bbox 1172 3450 1339 3535; x_wconf 85' lang='lat' dir='ltr'>magnifice</span> <span class='ocrx_word' id='word_1_171' title='bbox 1362 3450 1401 3515; x_wconf 87' lang='lat' dir='ltr'>de</span> <span class='ocrx_word' id='word_1_172' title='bbox 1423 3453 1561 3516; x_wconf 79' lang='lat' dir='ltr'>anaante</span> 
     </span>
     <span class='ocr_line' id='line_1_24' title="bbox 449 3573 1560 3658; baseline -0.003 -20"><span class='ocrx_word' id='word_1_173' title='bbox 449 3574 631 3657; x_wconf 84' lang='lat' dir='ltr'>praedicat:</span> <span class='ocrx_word' id='word_1_174' title='bbox 665 3573 802 3640; x_wconf 90' lang='lat' dir='ltr'>oratoris</span> <span class='ocrx_word' id='word_1_175' title='bbox 835 3573 1020 3639; x_wconf 84' lang='lat' dir='ltr'>facultatem</span> <span class='ocrx_word' id='word_1_176' title='bbox 1049 3574 1162 3639; x_wconf 85' lang='lat' dir='ltr'>ceteris</span> <span class='ocrx_word' id='word_1_177' title='bbox 1196 3575 1343 3640; x_wconf 88' lang='lat' dir='ltr'>omnibus</span> <span class='ocrx_word' id='word_1_178' title='bbox 1372 3573 1560 3658; x_wconf 81' lang='lat' dir='ltr'>anteponit,</span> 
     </span>
     <span class='ocr_line' id='line_1_25' title="bbox 448 3697 1560 3783; baseline 0 -21"><span class='ocrx_word' id='word_1_179' title='bbox 448 3699 632 3783; x_wconf 82' lang='lat' dir='ltr'>primasque</span> <span class='ocrx_word' id='word_1_180' title='bbox 653 3699 682 3762; x_wconf 91' lang='lat' dir='ltr'>ei</span> <span class='ocrx_word' id='word_1_181' title='bbox 706 3698 739 3762; x_wconf 95' lang='lat' dir='ltr'>in</span> <span class='ocrx_word' id='word_1_182' title='bbox 758 3701 874 3781; x_wconf 88' lang='lat' dir='ltr'>pacata</span> <span class='ocrx_word' id='word_1_183' title='bbox 897 3721 931 3763; x_wconf 88' lang='lat' dir='ltr'>re</span> <span class='ocrx_word' id='word_1_184' title='bbox 954 3699 1082 3782; x_wconf 86' lang='lat' dir='ltr'>publica</span> <span class='ocrx_word' id='word_1_185' title='bbox 1104 3702 1212 3783; x_wconf 89' lang='lat' dir='ltr'>partes</span> <span class='ocrx_word' id='word_1_186' title='bbox 1232 3699 1362 3764; x_wconf 90' lang='lat' dir='ltr'>tribuit:</span> <span class='ocrx_word' id='word_1_187' title='bbox 1386 3721 1455 3764; x_wconf 90' lang='lat' dir='ltr'>esse</span> <span class='ocrx_word' id='word_1_188' title='bbox 1478 3697 1560 3763; x_wconf 90' lang='lat' dir='ltr'>enim</span> 
     </span>
     <span class='ocr_line' id='line_1_26' title="bbox 449 3822 1560 3909; baseline -0.002 -21"><span class='ocrx_word' id='word_1_189' title='bbox 449 3823 532 3888; x_wconf 91' lang='lat' dir='ltr'>nihil</span> <span class='ocrx_word' id='word_1_190' title='bbox 554 3823 784 3901; x_wconf 83' lang='lat' dir='ltr'>admirabilius,</span> <span class='ocrx_word' id='word_1_191' title='bbox 803 3823 986 3908; x_wconf 85' lang='lat' dir='ltr'>jucundius,</span> <span class='ocrx_word' id='word_1_192' title='bbox 1003 3823 1127 3902; x_wconf 90' lang='lat' dir='ltr'>utilius,</span> <span class='ocrx_word' id='word_1_193' title='bbox 1143 3846 1239 3909; x_wconf 88' lang='lat' dir='ltr'>quam</span> <span class='ocrx_word' id='word_1_194' title='bbox 1259 3846 1357 3890; x_wconf 90' lang='lat' dir='ltr'>unum</span> <span class='ocrx_word' id='word_1_195' title='bbox 1369 3822 1513 3908; x_wconf 85' lang='lat' dir='ltr'>possead</span> <span class='ocrx_word' id='word_1_196' title='bbox 1529 3843 1560 3886; x_wconf 89' lang='lat' dir='ltr'>se</span> 
     </span>
    </p>
   </div>
   <div class='ocr_carea' id='block_1_9' title="bbox 448 3947 1680 4034">
    <p class='ocr_par' dir='ltr' id='par_1_10' title="bbox 448 3947 1680 4034">
     <span class='ocr_line' id='line_1_27' title="bbox 448 3947 1680 4034; baseline 0 -22"><span class='ocrx_word' id='word_1_197' title='bbox 448 3953 634 4013; x_wconf 87' lang='lat' dir='ltr'>convertere</span> <span class='ocrx_word' id='word_1_198' title='bbox 658 3947 797 4012; x_wconf 87' lang='lat' dir='ltr'>omniurn</span> <span class='ocrx_word' id='word_1_199' title='bbox 811 3947 926 4012; x_wconf 85' lang='lat' dir='ltr'>civium</span> <span class='ocrx_word' id='word_1_200' title='bbox 940 3947 1080 4023; x_wconf 89' lang='lat' dir='ltr'>animos;</span> <span class='ocrx_word' id='word_1_201' title='bbox 1104 3947 1185 4013; x_wconf 90' lang='lat' dir='ltr'>nihil</span> <span class='ocrx_word' id='word_1_202' title='bbox 1202 3969 1269 4013; x_wconf 90' lang='lat' dir='ltr'>esse</span> <span class='ocrx_word' id='word_1_203' title='bbox 1280 3949 1384 4034; x_wconf 80' lang='lat' dir='ltr'>magis</span> <span class='ocrx_word' id='word_1_204' title='bbox 1398 3947 1560 4032; x_wconf 90' lang='lat' dir='ltr'>proprium</span> <span class='ocrx_word' id='word_1_205' title='bbox 1679 4003 1680 4032; x_wconf 65' lang='lat'>,</span> 
     </span>
    </p>
   </div>
   <div class='ocr_carea' id='block_1_10' title="bbox 443 4072 1558 4536">
    <p class='ocr_par' dir='ltr' id='par_1_11' title="bbox 443 4072 1558 4536">
     <span class='ocr_line' id='line_1_28' title="bbox 447 4072 1558 4156; baseline -0.002 -18"><span class='ocrx_word' id='word_1_206' title='bbox 447 4072 658 4138; x_wconf 84' lang='lat' dir='ltr'>hamanitatis</span> <span class='ocrx_word' id='word_1_207' title='bbox 682 4094 779 4156; x_wconf 91' lang='lat' dir='ltr'>quam</span> <span class='ocrx_word' id='word_1_208' title='bbox 803 4094 981 4138; x_wconf 87' lang='lat' dir='ltr'>sermonem</span> <span class='ocrx_word' id='word_1_209' title='bbox 1003 4073 1143 4138; x_wconf 90' lang='lat' dir='ltr'>facetum</span> <span class='ocrx_word' id='word_1_210' title='bbox 1166 4095 1203 4137; x_wconf 88' lang='lat' dir='ltr'>ac</span> <span class='ocrx_word' id='word_1_211' title='bbox 1225 4072 1317 4141; x_wconf 89' lang='lat' dir='ltr'>nulla</span> <span class='ocrx_word' id='word_1_212' title='bbox 1339 4072 1371 4136; x_wconf 92' lang='lat' dir='ltr'>in</span> <span class='ocrx_word' id='word_1_213' title='bbox 1397 4094 1431 4137; x_wconf 92' lang='lat' dir='ltr'>re</span> <span class='ocrx_word' id='word_1_214' title='bbox 1450 4072 1558 4138; x_wconf 84' lang='lat' dir='ltr'>rudem</span> 
     </span>
     <span class='ocr_line' id='line_1_29' title="bbox 447 4195 1558 4282; baseline 0 -21"><span class='ocrx_word' id='word_1_215' title='bbox 447 4198 482 4281; x_wconf 89' lang='lat' dir='ltr'>(i.</span> <span class='ocrx_word' id='word_1_216' title='bbox 495 4221 522 4263; x_wconf 89' lang='lat' dir='ltr'>e.</span> <span class='ocrx_word' id='word_1_217' title='bbox 545 4199 722 4282; x_wconf 89' lang='lat' dir='ltr'>perfectum</span> <span class='ocrx_word' id='word_1_218' title='bbox 746 4197 780 4260; x_wconf 94' lang='lat' dir='ltr'>in</span> <span class='ocrx_word' id='word_1_219' title='bbox 804 4197 918 4280; x_wconf 56' lang='lat' dir='ltr'>omnib</span> <span class='ocrx_word' id='word_1_220' title='bbox 942 4219 1006 4280; x_wconf 90' lang='lat' dir='ltr'>quo</span> <span class='ocrx_word' id='word_1_221' title='bbox 1030 4196 1084 4280; x_wconf 89' lang='lat' dir='ltr'>qui</span> <span class='ocrx_word' id='word_1_222' title='bbox 1108 4197 1253 4275; x_wconf 84' lang='lat' dir='ltr'>excellat,</span> <span class='ocrx_word' id='word_1_223' title='bbox 1276 4195 1479 4263; x_wconf 84' lang='lat' dir='ltr'>eocxcellere</span> <span class='ocrx_word' id='word_1_224' title='bbox 1498 4218 1558 4280; x_wconf 89' lang='lat' dir='ltr'>quo</span> 
     </span>
     <span class='ocr_line' id='line_1_30' title="bbox 444 4320 1557 4396; baseline -0.001 -9"><span class='ocrx_word' id='word_1_225' title='bbox 444 4321 589 4396; x_wconf 87' lang='lat' dir='ltr'>homines</span> <span class='ocrx_word' id='word_1_226' title='bbox 612 4322 748 4388; x_wconf 82' lang='lat' dir='ltr'>maxime</span> <span class='ocrx_word' id='word_1_227' title='bbox 771 4322 855 4387; x_wconf 88' lang='lat' dir='ltr'>inter</span> <span class='ocrx_word' id='word_1_228' title='bbox 878 4320 1055 4388; x_wconf 88' lang='lat' dir='ltr'>animantia</span> <span class='ocrx_word' id='word_1_229' title='bbox 1079 4320 1255 4386; x_wconf 83' lang='lat' dir='ltr'>excellant:</span> <span class='ocrx_word' id='word_1_230' title='bbox 1288 4323 1379 4388; x_wconf 82' lang='lat' dir='ltr'>»Hoc</span> <span class='ocrx_word' id='word_1_231' title='bbox 1402 4321 1487 4389; x_wconf 89' lang='lat' dir='ltr'>enim</span> <span class='ocrx_word' id='word_1_232' title='bbox 1509 4322 1557 4386; x_wconf 91' lang='lat' dir='ltr'>in-</span> 
     </span>
     <span class='ocr_line' id='line_1_31' title="bbox 443 4445 1557 4536; baseline 0.005 -26"><span class='ocrx_word' id='word_1_233' title='bbox 443 4447 513 4536; x_wconf 91' lang='lat' dir='ltr'>quit</span> <span class='ocrx_word' id='word_1_234' title='bbox 536 4469 600 4512; x_wconf 92' lang='lat' dir='ltr'>uno</span> <span class='ocrx_word' id='word_1_235' title='bbox 624 4450 823 4534; x_wconf 83' lang='lat' dir='ltr'>praestamus</span> <span class='ocrx_word' id='word_1_236' title='bbox 845 4445 895 4510; x_wconf 83' lang='lat' dir='ltr'>rel</span> <span class='ocrx_word' id='word_1_237' title='bbox 918 4445 1054 4512; x_wconf 85' lang='lat' dir='ltr'>maxime</span> <span class='ocrx_word' id='word_1_238' title='bbox 1077 4445 1171 4526; x_wconf 86' lang='lat' dir='ltr'>feris,</span> <span class='ocrx_word' id='word_1_239' title='bbox 1195 4447 1280 4532; x_wconf 88' lang='lat' dir='ltr'>qnod</span> <span class='ocrx_word' id='word_1_240' title='bbox 1305 4446 1446 4534; x_wconf 88' lang='lat' dir='ltr'>colloqui</span> <span class='ocrx_word' id='word_1_241' title='bbox 1474 4447 1557 4516; x_wconf 85' lang='lat' dir='ltr'>inter</span> 
     </span>
    </p>
   </div>
   <div class='ocr_carea' id='block_1_11' title="bbox 0 0 1708 5496">
    <p class='ocr_par' dir='ltr' id='par_1_12' title="bbox 0 0 1708 5496">
     <span class='ocr_line' id='line_1_32' title="bbox 0 0 1708 5496; baseline 0 2"><span class='ocrx_word' id='word_1_242' title='bbox 0 0 1708 5496; x_wconf 95' lang='lat' dir='ltr'> </span> 
     </span>
    </p>
   </div>
  </div>
 </body>
</html>
