3406 5496
1005 618 1048 712 le

467 847 575 936 batur,
589 858 771 924 litterarum
790 861 889 942 atquc
905 857 1116 922 humanitatis
1131 855 1272 922 studium
1291 854 1509 941 gratissimum
1521 855 1589 920 tuit

466 984 661 1069 perfugium,
685 983 741 1046 ubi
763 985 796 1046 et
815 982 943 1046 animus
966 1003 1005 1045 ex
1027 978 1214 1046 illoforeusi
1232 979 1371 1065 strepitu
1388 979 1586 1058 reficeretur,

467 1113 499 1172 et
511 1129 603 1172 aures
618 1106 768 1172 conviciis
784 1106 926 1171 defessae
938 1105 1208 1189 conquiescerem.
1224 1102 1251 1190 ¹)
1267 1101 1319 1168 Ita
1333 1106 1442 1168 autem
1457 1103 1586 1168 litteras
1687 1177 1688 1180 Ἴ

466 1229 602 1306 colebat,
626 1233 662 1294 ut
684 1252 748 1294 non
773 1230 865 1294 modo
889 1229 999 1296 amicis
1013 1251 1189 1313 numquam
1209 1228 1342 1305 deesset,
1363 1227 1416 1292 sed
1444 1227 1586 1292 utillud

466 1354 571 1438 ipsum
596 1357 732 1437 tempus,
757 1354 843 1436 quod
866 1353 904 1420 ad
929 1353 1007 1419 haec
1030 1353 1137 1418 studia
1154 1351 1321 1418 recolenda
1343 1349 1405 1416 sibi
1428 1355 1585 1429 sumeret,

466 1500 529 1542 uon
555 1477 615 1541 sibi
639 1477 699 1542 soli
722 1477 895 1562 prodesset.
915 1478 1092 1543 Pertotam
1111 1477 1211 1542 vitam
1224 1476 1396 1560 juvenibus
1412 1475 1585 1540 instituen-

467 1601 514 1665 dis
526 1622 655 1684 opcram
666 1600 763 1668 dedit.
787 1601 931 1667 Marcum
942 1600 1089 1667 Coelium
1101 1601 1234 1679 Rufum,
1254 1622 1349 1686 quem
1366 1603 1476 1684 postea
1494 1600 1533 1665 de
1550 1601 1586 1665 vi

466 1724 617 1802 defendit,
639 1728 768 1808 praetor
779 1725 941 1790 assiduum
960 1746 1066 1790 secum
1083 1725 1262 1790 auditorem
1273 1723 1446 1798 habuerat;
1471 1723 1585 1788 statim

465 1848 550 1912 enim
570 1853 644 1932 poet
655 1851 818 1933 sumptam
829 1848 954 1914 virilem
966 1852 1074 1934 togam
1087 1852 1208 1934 epatre
1220 1848 1260 1914 ad
1270 1848 1376 1932 ipsum
1388 1851 1458 1913 erat
1468 1847 1587 1914 deduc-

465 1977 528 2039 tus.
544 1971 571 2059 2)
585 1971 658 2056 Ipso
670 1995 755 2038 auno
767 1995 842 2038 vero
854 1995 918 2059 quo
929 1974 1084 2058 scriptum
1096 1977 1145 2038 est
1157 1973 1216 2038 »de
1227 1971 1383 2038 Oratore”
1395 1973 1466 2057 (qui
1478 1977 1527 2038 est
1539 1974 1584 2036 55
1688 1957 1689 2002 i

466 2119 495 2161 a.
513 2096 562 2181 C.)
586 2097 731 2161 audimus
749 2097 788 2161 de
807 2097 843 2162 P.
856 2097 971 2162 Crasso
988 2097 1186 2162 adolescente
1204 2135 1244 2147 -
1261 2097 1397 2175 »uostri,
1415 2098 1532 2183 inquit,
1544 2103 1586 2163 ut

466 2221 528 2285 scis
541 2220 821 2288 studiosissimua”
847 2219 872 2305 3)
891 2221 1005 2286 Paucis
1021 2221 1198 2305 postennis
1214 2243 1324 2286 rursus
1343 2243 1473 2307 operam
1492 2245 1586 2288 suam

465 2344 588 2408 dedisse
611 2343 731 2428 legitur
755 2345 864 2408 Marco
887 2349 920 2410 et
943 2345 1076 2425 Publio,
1106 2347 1206 2412 Marci
1230 2346 1344 2411 Licinii
1379 2347 1485 2413 Crassi
1507 2347 1586 2412 filiis
1689 2427 1690 2434 ἵ

466 2468 720 2534 adolescentulis.
746 2468 773 2554 4)
796 2467 914 2552 Atque,
937 2491 1008 2535 cum
1029 2469 1098 2554 jam
1110 2475 1193 2536 esset
1203 2471 1237 2536 in
1249 2471 1344 2536 unius
1355 2477 1515 2556 potestate
1532 2495 1586 2538 res

467 2591 650 2676 publica-
669 2593 715 2656 ita
727 2593 794 2657 fere
806 2592 999 2657 Plutarchus
1010 2592 1048 2657 de
1068 2593 1237 2677 postremis
1253 2593 1401 2660 Caesaris
1420 2597 1523 2676 annis,
1539 2637 1584 2646 --

467 2714 639 2799 nullusque
658 2718 728 2801 jam
751 2719 835 2782 esset
858 2717 918 2800 ipsi
942 2719 1066 2784 dicendi
1096 2718 1203 2797 locus,
1234 2719 1487 2786 adolescentibus
1516 2722 1585 2786 elo-

468 2842 617 2925 quentiae
640 2842 789 2907 studiosis
813 2842 891 2906 adeo
915 2865 948 2907 se
973 2841 1120 2921 tradidit,
1151 2847 1189 2907 ut
1217 2864 1290 2907 cum
1314 2844 1376 2908 sibi
1397 2845 1587 2930 praecipuos
1690 2903 1691 2940 ,

468 2965 685 3044 Caesarianos,
710 2966 924 3046 Dolabellam,
948 2968 1109 3045 Pisonem,
1131 2966 1276 3031 Hirtium
1299 2967 1461 3035 auditores
1477 2970 1590 3035 devin-

467 3091 583 3168 xisset,
606 3111 715 3154 eorum
739 3091 967 3156 cousuetudine
990 3092 1088 3156 etiam
1114 3094 1191 3156 tune
1212 3090 1386 3175 plurimum
1410 3093 1443 3157 in
1467 3116 1501 3158 re
1524 3118 1589 3179 pu·

467 3214 553 3281 blica
576 3213 706 3280 valeret.
731 3213 758 3302 5)

513 3340 658 3424 Apparet
680 3361 700 3403 a
723 3339 843 3404 talibus
866 3340 1010 3406 moribus
1032 3340 1164 3406 minime
1187 3340 1588 3427 alienumesse,opportu-

468 3486 546 3530 num
569 3465 682 3544 otium,
695 3465 722 3529 si
744 3467 871 3549 quando
894 3465 1035 3544 daretur,
1054 3465 1176 3550 scripto
1191 3485 1324 3548 auoque
1344 3466 1468 3532 dicendi
1491 3467 1589 3532 disci-

468 3589 590 3674 plinam
620 3588 796 3674 explicare:
820 3589 990 3654 accedebat
1020 3594 1147 3668 autem,
1170 3591 1255 3675 quod
1282 3591 1474 3658 domesticae
1509 3614 1589 3658 oon-

465 3715 604 3780 ditioues
627 3736 690 3779 non
714 3715 854 3800 segniter
877 3714 917 3778 ad
940 3714 1022 3779 hanc
1046 3714 1251 3799 scriptionem
1272 3716 1467 3782 excitabant.

512 3840 587 3905 Jam
612 3838 694 3904 enim
720 3842 752 3903 et
774 3837 902 3904 Marcus
926 3838 1045 3906 filiorm
1069 3839 1137 3923 ejus
1161 3841 1368 3908 suauissimus
1392 3845 1424 3906 et
1445 3840 1588 3918 Quintus

468 4019 628 4029 ——.--..—..

503 4127 532 4191 1)
551 4125 605 4179 Cir.
623 4142 672 4195 pro
690 4125 790 4180 Archia
807 4129 850 4180 Η.

504 4216 533 4278 2)
550 4215 602 4269 Pro
622 4214 713 4268 Coelio
728 4214 772 4269 lv.
792 4217 817 4268 9.

503 4303 831 4369 ffiMQmRQQ

504 4395 530 4454 4)
550 4393 593 4445 Ad
610 4392 673 4446 lam.
693 4391 724 4446 V.
745 4395 769 4445 8.

503 4479 532 4547 t)
550 4479 619 4534 Plut.
639 4482 684 4534 vit.
704 4479 758 4534 Cic.
778 4498 801 4537 c.
819 4483 862 4534 40.
881 4482 914 4535 cf.
934 4480 1043 4546 Quintil.
1063 4477 1120 4536 ΧΗ.
1140 4483 1172 4536 ll
1193 4486 1220 4537 et
1237 4483 1273 4538 ad
1290 4482 1353 4540 lam.
1372 4485 1419 4542 IX.
1438 4487 1481 4544 16.
