3432 5498
685 615 749 686 105

154 823 332 914 losopbiam
351 830 545 897 devocavite
560 832 647 898 coelo
659 835 692 898 et
702 833 734 899 in
749 831 881 898 urbibus
893 830 1071 910 collocavit,
1086 855 1105 897 a
1120 830 1271 907 Platone,

155 953 201 1017 ita
211 952 348 1030 Tullius,
375 955 537 1037 »primum
559 959 690 1039 accepta
713 961 761 1022 est
773 956 1021 1041 philosophandi
1037 957 1121 1020 ratio
1133 956 1272 1040 triplex:

154 1097 217 1140 una
239 1076 278 1141 de
302 1077 370 1141 vita
393 1081 425 1142 et
451 1078 606 1156 moribus,
628 1078 731 1144 altera
755 1080 793 1146 de
817 1083 933 1145 natura
955 1082 989 1144 et
1011 1078 1105 1144 rebus
1128 1078 1272 1155 occultis,

154 1199 251 1264 tertia
273 1199 311 1264 de
331 1201 513 1267 disserendo
535 1207 578 1280 et,
597 1203 674 1286 quid
686 1224 805 1281 verum,
820 1203 897 1288 quid
912 1202 1040 1280 falsum,
1058 1203 1136 1288 quid
1147 1205 1272 1267 rectum

152 1321 187 1386 in
208 1323 353 1389 oratione
375 1347 559 1408 pravumve,
583 1325 659 1409 quid
682 1327 884 1391 consentiens
907 1327 985 1411 quid
1006 1347 1203 1412 repugnans,
1222 1326 1274 1408 ju·

154 1447 317 1514 dicand0.”
332 1447 358 1531 ¹)
375 1448 460 1514 Nam
484 1449 556 1527 etsi,
578 1449 708 1514 Laertio
731 1453 861 1514 auctore
877 1449 903 1539 2)
926 1448 1010 1515 Zeno
1023 1455 1055 1515 et
1067 1447 1272 1513 Parmenides

153 1571 337 1638 dialecticae
361 1573 440 1637 artis
463 1573 646 1638 inventores
669 1572 866 1648 ferebantur,
893 1609 932 1620 -
955 1573 1073 1657 quippe
1096 1571 1153 1656 qui
1176 1568 1272 1653 primi

154 1717 210 1778 per
235 1697 504 1782 interrogationes
536 1701 632 1780 atque
658 1695 879 1780 responsiones
902 1695 1155 1780 colloquentium
1185 1712 1273 1757 more

155 1819 265 1885 docere
287 1819 523 1896 instituissent;
546 1842 649 1904 neque
672 1819 841 1903 quisquam
867 1818 928 1883 nisi
951 1818 1062 1884 iisdem
1085 1818 1145 1882 viis
1168 1837 1206 1880 ac
1221 1836 1274 1878 ra-

155 1941 296 2006 tionibus
319 1947 377 2007 aut
400 1965 472 2008 cum
495 1964 553 2007 suo
578 1943 685 2008 animo
708 1945 766 2006 aut
789 1964 861 2007 cum
884 1941 957 2006 aliis
981 1944 1134 2008 disserere
1157 1943 1190 2004 et
1209 1938 1273 2002 dis·

154 2069 268 2149 putare
291 2070 414 2149 potest:
450 2088 544 2132 nemo
579 2070 686 2130 tamen
720 2071 797 2132 ante
832 2067 1001 2134 Platonem
1039 2065 1077 2130 de
1099 2063 1160 2127 hac
1182 2062 1274 2146 parte

154 2189 333 2254 aromatitis
356 2189 543 2273 disputavit.
579 2188 704 2267 Immo,
729 2190 762 2254 in
786 2190 855 2274 ipso
878 2191 939 2256 hoc
971 2189 1116 2255 Phaedro
1146 2184 1273 2269 dialogo

154 2312 258 2396 prima
280 2314 348 2398 ejus
370 2314 449 2380 artis
472 2313 566 2379 initia
588 2313 758 2390 habemus;
782 2315 809 2379 si
832 2319 939 2380 tamen
963 2333 1074 2379 verum
1091 2313 1151 2384 est,
1175 2303 1272 2390 quod,

155 2441 327 2522 praeeunte
365 2437 595 2522 Olympiodoro
610 2477 627 2514 ,1
647 2436 673 2524 ³)
710 2439 770 2504 viri
808 2439 895 2504 docti
933 2435 1077 2521 plerique
1120 2431 1272 2504 censent,

155 2558 335 2626 Phaedrum
365 2560 528 2648 dialogum
551 2565 628 2626 ante
657 2562 798 2648 reliquos
829 2581 938 2628 omnes
961 2557 1061 2624 libros
1090 2578 1111 2620 a
1139 2552 1273 2618 Platona
1383 2573 1385 2579 ·

157 2684 371 2770 conscriptum
395 2707 472 2750 esse.
505 2684 653 2750 Profecto
676 2689 768 2750 crant
790 2707 828 2752 ea
849 2688 1016 2769 tempora,
1038 2701 1121 2767 quae
1144 2672 1273 2742 Platoni

156 2807 361 2874 vehementer
383 2809 563 2886 suaderent,
585 2813 622 2872 ut
644 2808 683 2873 dc
702 2808 874 2874 disserendi
892 2807 1016 2872 ratione
1036 2803 1208 2889 diligenter
1222 2798 1273 2862 in·

155 2930 307 3014 quireret.
331 2930 500 3016 Sophistae
512 2931 596 2997 euim
608 2931 646 2996 de
659 2933 794 2997 veritate
813 2932 1044 3016 honestateque
1056 2928 1170 3005 securi,
1182 2948 1272 2993 suam

155 3054 291 3138 quisque
312 3055 507 3138 opinionem,
530 3058 682 3120 accurata
704 3060 738 3121 et
756 3056 842 3122 facta
855 3054 1108 3140 quoddammodo
1127 3051 1272 3117 oratione

156 3177 386 3254 defendebam
412 3179 517 3245 verbis
540 3177 700 3264 ambiguis
722 3178 922 3264 fallaciisque
938 3200 1066 3244 causam
1089 3175 1272 3241 interiorem

156 3302 266 3386 (quam
290 3302 459 3389 vocabant)
482 3302 613 3368 diceudo
636 3303 830 3387 superiorem
849 3325 883 3368 se
900 3302 1029 3367 reddere
1040 3299 1271 3386 gloriabantur.

200 3423 322 3500 Quibus
345 3447 412 3492 sese
431 3427 498 3510 jam
512 3431 705 3509 opposuerat
723 3425 880 3506 Socrates,
898 3426 1078 3491 subtilitate
1089 3420 1273 3507 disputandi

156 3569 265 3614 corum
277 3549 426 3614 instituta
438 3549 596 3615 refellens.
609 3549 703 3616 Plato
715 3555 824 3615 antem
836 3555 1113 3634 praeterea,suum
1126 3547 1272 3611 imitatus

24 3723 25 3752 ,
157 3672 362 3758 magistrum,
385 3673 488 3757 ipsam
511 3674 595 3738 viam
618 3675 840 3758 rationemque
862 3695 927 3759 qua
948 3695 1003 3738 eos
1026 3670 1189 3736 refutabat
1216 3668 1271 3732 ille

24 3847 25 3868 2
157 3816 330 3881 eorumque
341 3797 484 3882 argutias
498 3796 701 3876 dissolvebat,
714 3801 862 3862 accurate
874 3796 979 3881 coepit
992 3815 1159 3880 exponere.
1184 3791 1275 3855 Haec·

24 3929 25 3960 l
157 3919 249 3985 initia
265 3921 465 3997 dialecticae3
478 3922 540 3988 hae
552 3923 725 4009 διαιρέσεις
737 3923 771 3986 et
783 3919 973 4002 uuvuyoiyur,
986 3941 1067 4002 quae
1080 3918 1112 3981 in
1128 3914 1271 3980 Phaedro

191 4261 220 4325 l)
238 4257 319 4314 Tusa.
337 4258 362 4312 V
380 4260 422 4312 10.
444 4286 476 4295 -
496 4257 550 4312 Gfr.
569 4259 618 4313 Ao.
637 4263 706 4329 post
725 4258 736 4312 l
755 4262 798 4329 15,
817 4262 861 4318 19.

191 4351 217 4410 2)
237 4348 256 4402 l.
273 4345 318 4402 111.
338 4349 381 4402 48.

191 4437 218 4506 3)
237 4435 326 4509 Schol,
343 4438 373 4492 in
390 4436 543 4493 Phaedrum
560 4437 636 4491 initio
654 4433 691 4506 (p.
710 4434 782 4504 698.)
