3406 5496
974 615 1016 680 36

438 830 560 906 oratio;
596 829 731 914 denique
759 831 796 892 ut
819 827 1029 912 prudentibus
1052 825 1186 906 diserte,
1218 825 1326 892 stultis
1357 822 1454 890 etiam
1479 844 1556 889 vere
1681 801 1682 834 r

439 954 542 1020 dicere
565 951 731 1020 videaris'’.

482 1079 534 1142 Ad
568 1077 646 1142 haec
681 1075 813 1140 Crassus
847 1075 1110 1159 disceptationem
1145 1074 1309 1159 aliquam,
1343 1094 1439 1156 qnam
1474 1070 1555 1136 olim

439 1200 576 1265 Athenis
600 1199 660 1264 hac
682 1200 720 1263 de
743 1220 777 1262 re
800 1199 925 1276 habuit,
948 1199 1058 1277 refert,
1079 1203 1112 1264 et
1134 1203 1248 1284 sponte
1270 1196 1401 1273 latetur,
1421 1217 1485 1260 non
1498 1195 1554 1258 de-
1682 1199 1683 1212 ¹

438 1345 505 1388 esse
527 1323 611 1386 inter
635 1322 772 1388 Graecos
785 1322 879 1406 hujus
891 1323 1069 1387 sententiae
1082 1327 1249 1408 patronos:
1271 1319 1447 1406 quinimmo
1463 1339 1555 1402 posse

439 1446 490 1512 vel
512 1416 616 1530 ipsum
640 1445 807 1510 Platonem
831 1451 996 1530 tamquam
1019 1450 1182 1511 auctorem
1205 1445 1298 1540 citari
1317 1443 1405 1507 illins
1424 1445 1554 1508 sentcn—
1683 1491 1684 1510 ,

439 1571 521 1646 tiae,
545 1573 690 1635 oratores
721 1592 793 1634 cum
816 1593 835 1634 a
858 1570 1083 1657 gubernaculis
1113 1570 1280 1635 civitatum
1308 1571 1378 1631 tum
1402 1565 1443 1631 ab
1466 1564 1555 1629 omni

443 1693 588 1758 doctrina
611 1716 679 1758 esse
714 1693 927 1777 repellendos:
959 1695 1036 1758 satis
1070 1715 1138 1760 esse
1172 1693 1310 1780 Gorgiae
1344 1690 1464 1775 dialogi
1498 1688 1556 1752 ad·

441 1838 579 1882 monere.
594 1816 735 1892 —Quae
758 1821 865 1881 tamen
889 1817 1058 1894 sententia,
1081 1838 1153 1882 cum
1176 1819 1246 1880 tota
1268 1815 1301 1879 in
1325 1814 1386 1878 hoc
1402 1813 1445 1877 sit
1468 1797 1554 1895 quod
1684 1895 1685 1900 ἵ

442 1944 540 2026 neget
564 1941 604 2004 ad
627 1945 785 2004 oratorem
809 1961 916 2004 rerum
938 1941 1103 2004 scientiam
1128 1941 1296 2025 pertinere,
1320 1938 1359 2001 iis
1382 1936 1460 2022 ipsis
1472 1957 1555 2019 quae

441 2067 639 2126 concesserat
675 2061 848 2140 Scaevola,
883 2061 975 2127 facile
1003 2062 1197 2128 contutatur.
1233 2061 1434 2127 Concedebat
1459 2058 1552 2124 Scae-

442 2185 525 2262 vola,
549 2189 708 2250 oratorem
732 2185 859 2270 copiose
881 2185 970 2270 loqui
993 2185 1078 2271 apud
1105 2185 1259 2270 populum
1289 2189 1322 2251 et
1349 2187 1383 2251 in
1414 2185 1555 2260 Senatu;

442 2309 611 2392 respondet
623 2309 724 2396 igitur
735 2308 877 2388 Crassus,
897 2331 969 2374 eum
981 2330 1156 2392 numquam
1171 2309 1233 2374 hoc
1248 2331 1339 2395 posse
1352 2310 1420 2375 sine
1435 2308 1555 2395 legum,

441 2433 549 2510 moris,
570 2433 650 2517 juris
675 2433 825 2508 scientia3
849 2454 952 2518 neque
978 2437 1094 2497 natura
1122 2433 1288 2498 hominum
1318 2434 1483 2520 incognita
1516 2455 1557 2496 ac

442 2557 593 2621 moribus.
629 2557 759 2632 Quaerit
788 2557 908 2634 etiam,
943 2557 1020 2641 quid
1050 2557 1079 2622 ei
1103 2558 1158 2642 qui
1182 2558 1261 2624 haec
1283 2564 1410 2638 teneat,
1444 2558 1556 2623 abesse

442 2680 543 2764 possit
564 2680 602 2744 de
619 2680 759 2745 omnium
776 2702 882 2745 rerum
905 2681 1045 2746 scientia.
1059 2681 1109 2745 Ex
1122 2704 1159 2747 eo
1171 2686 1278 2748 autem
1295 2684 1381 2768 qnod
1396 2681 1556 2768 largieba-

443 2807 497 2867 tur
509 2804 644 2882 Mucius,
657 2803 792 2869 cundem
804 2804 920 2870 diserte
932 2804 1035 2889 loqui:
1053 2828 1129 2892 ergo
1142 2806 1237 2871 etiam
1249 2807 1336 2872 eade
1348 2807 1465 2891 quibus
1476 2804 1556 2870 dicit

443 2931 552 2992 orator
568 2931 677 2992 teneat
693 2949 819 2992 necesse
835 2932 893 2992 est.
919 2926 1074 2991 »Dicendi
1094 2928 1179 2992 enim
1194 2930 1307 3008 virtus,
1319 2931 1437 3014 inquit,
1452 2928 1513 2994 nisi
1525 2929 1557 2992 ei

444 3050 498 3133 qui
510 3050 594 3114 dicct
609 3073 656 3128 ea,
673 3050 839 3134 dequibus
851 3050 937 3128 dicit,
949 3053 1100 3134 percepta
1112 3051 1187 3130 sint,
1200 3057 1323 3118 exstare
1338 3075 1402 3118 non
1416 3051 1555 3138 potest.'’

444 3176 552 3257 Atque
594 3173 836 3250 Democritum,
878 3173 1068 3252 Platonem,
1095 3173 1326 3256 Aristotelem,
1360 3175 1556 3241 Carneadem

442 3301 672 3362 commemorat
695 3297 761 3380 qui,
784 3318 854 3360 cum
880 3301 986 3363 essent
1010 3298 1204 3383 philosophi,
1221 3298 1556 3385 eloquentissimedis-

443 3425 608 3506 putarunt.
633 3420 717 3494 Quos
741 3419 873 3485 Crassus
898 3426 1004 3484 tamen
1017 3421 1087 3485 ideo
1104 3421 1264 3506 praeclare
1276 3423 1391 3487 dixisse
1402 3423 1458 3501 ait,
1471 3423 1557 3507 quod

442 3547 570 3627 praeter
593 3565 651 3606 sua
673 3543 779 3606 studia
803 3543 900 3606 etiam
924 3565 962 3607 ea
985 3546 1149 3621 tenerent,
1179 3566 1261 3627 quae
1289 3547 1395 3610 essent
1425 3543 1558 3628 propria

442 3666 595 3742 oratoris3
609 3688 672 3730 non
685 3667 767 3743 ideo,
786 3666 870 3749 quod
883 3669 988 3730 essent
999 3666 1075 3731 honi
1091 3667 1285 3752 philosophi.
1298 3667 1514 3753 Chrysippum
1528 3666 1556 3752 ¹)

442 3788 538 3866 enim,
562 3789 707 3873 quamvis
732 3788 935 3874 philosophia
959 3788 1056 3854 tuerit
1081 3790 1238 3855 excellens
1252 3791 1361 3875 jejune
1378 3794 1410 3855 et
1428 3788 1558 3855 exiliter

441 3913 568 3977 dixisse.
606 3914 711 3988 Quare
739 3911 919 3995 »Quidquid
942 3913 1025 3992 erit,
1048 3914 1173 3998 inquit,
1196 3935 1385 3998 quacunque
1409 3936 1448 3980 er
1474 3917 1556 3991 arte,

441 4111 601 4121 w———m

478 4249 505 4318 1)
525 4249 622 4304 Confer
641 4251 677 4302 sis
696 4249 729 4303 de
748 4247 858 4303 Finibus
876 4249 920 4304 lv.
940 4248 1121 4321 §rescripsit
1133 4254 1223 4305 autem
1233 4252 1392 4305 rhetoricam
1402 4249 1557 4317 Cleanthes,

440 4337 607 4408 Chrysippus
626 4339 714 4406 etiarn,
734 4339 781 4392 sed
799 4340 845 4406 sic,
865 4342 894 4391 ut
912 4340 1004 4409 siquis
1022 4340 1204 4394 obmutescere
1222 4341 1393 4409 concupierit,
1403 4340 1470 4392 nihil
1480 4339 1558 4393 aliud

438 4428 528 4502 legere
547 4426 667 4486 debeat,'’
