3406 5496
679 611 729 683 ,45

152 829 337 896 Verborum
360 835 392 896 et
427 829 662 896 sententiarum
699 832 733 893 et
767 833 1031 915 argumentorum
1054 827 1208 894 electione
1233 829 1266 891 et
1305 917 1306 920 Ἴ

151 955 262 1020 ordine
296 955 375 1021 haec
409 954 516 1020 omnia
548 953 772 1027 continentur;
797 973 874 1037 ergo
903 952 1027 1018 dicendi
1050 974 1102 1016 ars
1136 973 1173 1016 ca
1209 973 1267 1016 sua

151 1101 221 1144 esse
244 1079 424 1163 profitetur.
461 1076 543 1142 Sunt
572 1076 651 1141 haec
674 1075 776 1162 igitur
798 1079 855 1139 ant
877 1075 1001 1140 dicendi
1024 1076 1104 1141 artis
1127 1075 1266 1162 propria,

153 1205 212 1267 ant
235 1201 285 1266 illi
301 1201 363 1266 arti
375 1223 447 1266 cum
459 1201 522 1265 alia
534 1199 724 1265 communia.
749 1198 822 1263 Non
846 1203 922 1263 sunt
944 1203 1053 1264 autem
1077 1200 1267 1265 communia.
1356 1279 1359 1286 Ι

153 1324 226 1389 Etsi
241 1325 325 1389 enim
345 1324 400 1409 qui
417 1324 551 1388 aliarum
566 1323 682 1387 artium
699 1325 774 1386 sunt
786 1322 894 1406 periti,
911 1326 948 1388 ut
966 1322 1135 1408 agricolae,
1145 1323 1269 1402 medici,

153 1449 291 1533 pictores
314 1450 352 1513 de
375 1447 440 1512 suis
463 1446 558 1510 rebus
581 1447 661 1510 bene
683 1445 784 1510 locuti
806 1450 893 1524 sunt,
916 1469 979 1510 non
1006 1446 1123 1512 idcirco
1140 1447 1269 1512 illarum

155 1572 274 1636 artium
298 1569 440 1656 putanda
463 1573 512 1634 ast
535 1569 735 1652 eloquentia3
760 1569 813 1634 sed
837 1572 894 1633 aut
907 1569 1028 1653 aliquid
1052 1571 1092 1635 ab
1114 1571 1176 1636 hac
1200 1575 1270 1636 arte

157 1695 233 1758 data
255 1715 352 1778 opera
375 1693 564 1771 didicerunt,
588 1693 743 1776 aut‚qnia
766 1691 813 1756 vis
836 1712 954 1776 magna
975 1695 1025 1756 est
1047 1693 1080 1756 in
1103 1693 1269 1758 hominurn

156 1818 294 1904 ingeniis
317 1818 388 1882 idco
411 1816 505 1882 multi
529 1816 626 1880 etiam
656 1815 724 1879 sine
754 1813 899 1878 doctrina
925 1813 1046 1899 aliquid
1073 1817 1169 1900 hujus
1193 1818 1272 1883 artis
1340 1865 1341 1868 ,

157 1944 407 2026 consequuntur.
432 1939 515 2004 Sunt
537 1939 637 2026 igitur
659 1937 799 2022 propria.
823 1936 860 2001 ld
883 1938 968 2022 quod
990 1937 1053 2003 alia
1076 1962 1203 2024 qnoque
1221 1963 1274 2005 ra-

157 2066 246 2131 tione
269 2065 448 2129 confirmat.
473 2063 576 2138 »Quid
596 2063 748 2146 cujusque
767 2062 810 2126 sit
822 2061 996 2146 proprium,
1020 2062 1137 2148 inquit,
1157 2064 1217 2128 etsi
1235 2087 1274 2128 ex

159 2210 196 2253 eo
218 2189 356 2272 judicari
369 2192 486 2273 potest,
503 2210 576 2252 curn
593 2185 719 2262 videris,
743 2184 819 2268 quid
842 2207 985 2269 quaeque
1009 2186 1153 2266 doceant,
1167 2191 1275 2252 tamen

159 2310 221 2376 hoc
243 2311 362 2376 certius
386 2309 468 2374 nihil
492 2331 560 2374 esse
584 2312 702 2392 potest,
724 2330 821 2393 quam
844 2308 929 2392 quod
952 2330 1061 2375 ornnes
1085 2314 1170 2376 artes
1193 2310 1275 2375 aliae

160 2435 228 2500 sine
252 2434 435 2520 eloquentia
457 2456 550 2498 suum
572 2441 688 2498 munus
711 2436 875 2518 praestare
901 2437 1055 2517 possunt,
1077 2439 1185 2500 orator
1207 2434 1275 2498 sine

162 2581 201 2623 ea
223 2581 337 2624 nornen
361 2580 454 2623 sunm
477 2558 622 2623 obtinere
644 2579 709 2621 non
733 2547 870 2642 potest.”

207 2680 419 2746 Admirantur
449 2680 610 2746 auditores
639 2685 736 2766 atque
764 2675 916 2746 Crassus:
953 2681 1048 2747 ›Nox
1072 2686 1121 2760 te,
1152 2683 1277 2767 inquit,

163 2805 267 2884 nobie,
279 2804 412 2884 Antoni,
426 2804 583 2889 expolivit
594 2804 821 2891 hominemque
837 2804 1006 2870 reddidit.'¹
1019 2805 1101 2870 Tum
1114 2806 1277 2872 Antonius

160 2929 291 3012 jocose:
316 2928 416 2993 »Heri
439 2928 501 2993 hoc
532 2928 611 2993 mihi
635 2951 864 3014 proposueram
878 2933 939 3010 nt,
961 2929 989 2994 si
1012 2932 1044 2994 te
1067 2930 1277 3011 refellissem,

163 3052 225 3118 hos
247 3052 305 3116 abs
328 3055 361 3116 te
391 3051 563 3136 discipulos
585 3052 792 3133 abducerem,
815 3076 901 3119 nnnc
932 3051 1047 3119 Catulo
1072 3053 1222 3120 audiente
1246 3059 1280 3120 et

162 3175 311 3256 Caesare,
336 3176 446 3241 videor
470 3176 583 3240 debere
605 3197 669 3240 non
694 3181 761 3241 tam
783 3199 928 3264 pugnare
950 3180 1056 3242 tecum
1080 3200 1176 3262 quam
1202 3179 1280 3256 quid

162 3300 234 3384 ipse
256 3300 392 3364 sentiam
415 3298 550 3364 dicere.'’

210 3422 362 3507 Sequitur
395 3423 474 3487 artis
507 3423 665 3508 expositio
687 3422 893 3508 hujusmodi,
916 3429 971 3504 ut,
995 3425 1142 3511 quamvis
1173 3426 1281 3492 omnia

164 3547 370 3632 attingantur
392 3568 473 3630 quae
497 3545 535 3610 de
557 3545 742 3611 inventione
765 3550 862 3630 atque
884 3547 1057 3614 collatione
1079 3572 1205 3629 rerum,
1227 3552 1281 3616 de-

164 3692 229 3756 que
252 3671 400 3734 memorc'a
422 3669 563 3754 praecipi
585 3669 701 3748 solent,
724 3668 808 3733 nihil
830 3673 938 3734 tamen
956 3670 1110 3737 fastidiosi
1124 3676 1181 3737 ant
1201 3673 1281 3737 aridi

163 3795 301 3880 irrepat:
332 3794 380 3858 ita
403 3794 565 3889 sapienter
587 3791 781 3871 luminibus,
805 3793 960 3878 exemplis
987 3794 1183 3874 illustribus,
1207 3819 1282 3862 nar·

142 3967 146 3973 -
164 3918 357 3997 rationibus,
379 3916 529 4004 vulgaria
551 3916 608 3981 illa
622 3916 845 4002 perficiuntur,
864 3917 1066 3998 condiuntur,
1078 3920 1283 4008 distinguun-

166 4047 232 4110 tur.
256 4041 419 4121 Advertit,
446 4063 544 4125 quam
569 4040 731 4105 immerito
753 4041 788 4105 in
811 4041 1037 4109 distributione
1060 4044 1139 4108 artis
1170 4067 1283 4110 causae

165 4167 314 4232 infinitae
340 4165 568 4252 negligentum
591 4169 689 4250 negat
711 4163 933 4229 laudationum
955 4189 1057 4253 genus
1074 4165 1199 4251 potiore
1211 4169 1284 4252 jure

168 4296 334 4375 tamquam
357 4289 490 4356 tertium
514 4309 615 4375 genus
638 4287 921 4372 disceptationibus
944 4295 977 4354 ct
998 4291 1199 4356 suasionibus
1229 4292 1285 4357 ad-

167 4414 260 4503 jungi
289 4436 386 4502 quam
416 4417 473 4478 aut
504 4411 709 4492 testimonia,
736 4413 792 4476 aut
822 4410 989 4493 mandata,
1020 4417 1077 4482 aut
1105 4413 1284 4488 historiam.
