3432 5498
724 639 766 712 55

176 861 235 940 tie,
258 863 295 924 ut
306 881 344 925 ex
368 859 635 943 contemplatione
660 882 874 944 eorumquae
886 862 920 926 in
933 861 1029 928 variis
1054 863 1224 949 generibus
1248 887 1298 930 co·

176 985 328 1073 gnoverit
340 983 541 1061 excellentia,
549 983 745 1070 cogitatione
758 985 910 1051 informet
922 987 983 1050 sibi
997 987 1133 1072 speeiem
1146 988 1297 1074 aliquam,

176 1131 262 1195 qnae
276 1108 405 1174 illorum
416 1108 559 1172 omnium
572 1108 801 1192 praestantiam
814 1108 892 1173 adeo
916 1110 1058 1188 excedat,
1082 1116 1118 1175 ut
1141 1113 1174 1176 in
1193 1136 1297 1179 rerum

174 1238 297 1298 natura
317 1233 473 1297 imitando
496 1231 605 1317 effingi
629 1236 726 1316 atque
753 1234 886 1316 exprimi
911 1233 1000 1299 nullo
1019 1236 1112 1301 modo
1135 1237 1246 1320 possit.

225 1358 299 1423 Jam
322 1359 425 1444 fingas
448 1358 508 1422 tibi
523 1356 685 1422 hominem
698 1357 844 1422 acerrimi
857 1357 1076 1443 celerrimique
1087 1361 1219 1447 ingenii,
1233 1385 1299 1426 me-

177 1483 299 1548 moriae
322 1482 539 1556 firmissimam
562 1482 613 1546 fac
637 1481 771 1547 eundem
795 1503 901 1546 rerum
925 1483 1105 1549 divinarum
1129 1488 1162 1548 ot
1182 1485 1297 1550 huma·

177 1629 295 1672 narum
330 1628 575 1691 causarumque,
611 1604 727 1689 quibus
761 1629 817 1670 eae
850 1629 901 1670 res
939 1609 1163 1687 continentur,
1206 1614 1298 1675 tanta

158 1719 315 1796 'scientia
338 1731 528 1814 praeditum,
551 1733 673 1814 quanta
695 1729 822 1794 assiduo
845 1730 961 1808 studio,
985 1732 1088 1796 multo
1112 1734 1195 1812 otio,
1230 1758 1297 1798 am·

178 1855 334 1942 piissimis
363 1854 512 1919 subsidiis
547 1853 724 1936 comparari
757 1854 893 1938 poterit;
929 1854 972 1919 sit
1009 1855 1091 1920 idem
1130 1858 1300 1940 prudentia

177 1982 302 2066 pietate
320 1979 458 2064 justitia,
481 1981 514 2043 et
538 1978 671 2061 siquae
695 1978 761 2042 sint
784 1977 865 2042 aliae
897 1977 1034 2044 virtutes
1067 1981 1299 2060 nobilissimae,

178 2108 316 2171 ornatus
349 2107 447 2186 atque
485 2101 657 2167 excellens:
692 2101 768 2167 huic
801 2101 976 2187 supientiae
1006 2102 1134 2169 laudem
1174 2106 1300 2189 sapien·

177 2231 288 2315 tisque
311 2251 426 2293 nomen
450 2249 560 2292 omnes
585 2226 747 2290 verissime
771 2226 954 2290 concedent.
972 2226 1031 2292 Cui
1048 2229 1074 2293 si
1088 2230 1184 2295 etiam
1197 2253 1300 2314 neque

176 2356 313 2443 linguae
335 2352 472 2430 solutio,
495 2374 597 2437 neque
621 2350 706 2416 vocis
728 2373 844 2415 canora
866 2351 1020 2430 suavitas,
1044 2376 1147 2438 neque
1159 2356 1301 2438 corporis

178 2484 215 2546 et
238 2479 301 2544 oris
324 2477 476 2565 dignitas,
490 2499 592 2560 neque
604 2481 661 2540 aut
672 2475 777 2538 latera
788 2477 845 2538 aut
865 2474 947 2538 vires
960 2476 1075 2555 desint,
1100 2501 1164 2544 non
1188 2479 1300 2555 deerit,

178 2604 307 2688 opinor,
329 2602 423 2667 ardor
446 2605 478 2666 et
501 2623 591 2666 amor
615 2599 753 2674 dicendi,
779 2602 816 2662 nt
839 2620 919 2682 quos
942 2599 1030 2665 intus
1060 2603 1227 2690 collegerit
1249 2627 1301 2668 aa·

178 2725 322 2814 pientiae
346 2725 513 2790 thesauros
535 2746 590 2790 eos
613 2723 685 2788 aliis
707 2722 927 2806 impertiatur3
958 2746 1177 2811 quaecumque
1208 2726 1301 2791 utilia

177 2855 281 2936 atque
302 2848 456 2916 salutaria
478 2848 604 2915 noverit
616 2848 655 2912 ad
678 2848 758 2912 bene
781 2846 937 2930 beateque
960 2849 1301 2927 vivendum,omnibus

179 2974 373 3060 persuadere
396 2972 525 3060 gestiet.
548 2971 624 3036 Jam
646 2971 711 3056 qni,
735 2971 781 3035 ita
806 2975 842 3035 ut
864 2972 939 3050 dixi,
964 2971 1143 3038 instructus
1166 2973 1301 3038 scientia

180 3099 376 3184 optimisque
396 3098 538 3162 imbutus
561 3095 723 3174 moribus,
753 3096 851 3162 etiam
874 3095 1013 3161 multum
1036 3096 1190 3184 legendo,
1221 3099 1300 3163 scri-

178 3223 295 3300 bendo,
317 3221 449 3286 dicendo
473 3242 541 3285 sese
555 3218 744 3295 exercuerit,
757 3219 783 3282 si
794 3219 963 3284 institutus
975 3220 1036 3285 erit
1048 3224 1238 3307 praeceptis,
1259 3246 1297 3287 ex

179 3346 375 3431 optimorum
399 3348 563 3408 oratorum
577 3366 635 3407 usn
647 3343 824 3408 observatis
846 3347 944 3428 atque
960 3344 1102 3410 collectis
1119 3347 1295 3431 iisdemque

180 3469 366 3555 aptissimis,
391 3468 508 3553 quibus
529 3467 727 3532 audientium
750 3467 850 3531 animi
872 3468 1055 3548 doceantur,
1085 3470 1295 3548 delectentur,

182 3595 381 3669 moveantur,
397 3595 537 3676 quantus
549 3590 604 3655 ille
616 3591 677 3655 erit
689 3595 819 3655 orator?
835 3592 894 3656 Hic
906 3598 991 3658 certe
1004 3596 1146 3660 omnium
1169 3599 1299 3660 senten·

183 3717 240 3783 tiis
250 3717 412 3800 eloquens,
424 3715 477 3780 hic
489 3737 562 3782 vere
587 3716 744 3799 perfectus
767 3721 878 3781 orator
901 3741 1024 3784 summo
1034 3720 1106 3804 jure
1122 3721 1301 3805 appellabi-

183 3847 250 3919 tur,
260 3844 317 3907 aut
339 3840 445 3906 nullus
468 3863 620 3925 umquam
644 3841 715 3905 erit.
729 3879 773 3890 -
784 3841 805 3906 J
807 3865 858 3906 am
871 3843 920 3907 fac
934 3844 1108 3926 perfectum
1121 3845 1213 3909 illum
1227 3869 1301 3911 ora-

184 3971 287 4032 torem
311 3965 420 4030 venire
442 3965 476 4029 in
499 3965 619 4030 medios
643 3964 788 4030 homines
815 3967 899 4032 feros
934 3968 1169 4054 barbarosque,
1203 3975 1301 4054 atque

186 4090 228 4155 ab
251 4088 339 4153 omni
360 4087 613 4154 humanocultu
636 4087 771 4165 alienos3
795 4089 845 4156 fao
868 4113 940 4156 eum
961 4093 1074 4179 degere
1105 4094 1138 4157 in
1162 4095 1301 4158 civitati·

186 4215 247 4278 bus
269 4214 468 4292 constitutis,
492 4214 542 4280 fac
566 4236 640 4278 eum
663 4214 784 4278 versari
806 4214 839 4277 in
870 4216 959 4280 ouria
987 4218 1076 4281 etin
1109 4219 1194 4282 foro:
1231 4217 1302 4303 quis

188 4337 329 4415 dubitet,
354 4337 524 4422 quintam
546 4337 672 4402 validus
695 4339 824 4421 tamque
847 4341 960 4421 potens
994 4341 1062 4424 ejus
1097 4342 1227 4407 futurus
1260 4345 1304 4409 sit

186 4482 302 4538 sermo,
325 4465 362 4526 ut
385 4477 449 4526 non
471 4466 589 4546 temere
612 4463 781 4545 sperentur
804 4460 880 4526 laeti
903 4461 952 4526 illi
973 4463 1106 4542 fructus,
1131 4488 1212 4549 qnos
1236 4472 1303 4534 tam
1391 4518 1394 4525 .
