3432 5498
990 653 1033 723 92

451 870 656 940 utilissimam
679 893 747 938 esse
769 869 943 937 amicitiam
960 869 1061 949 illius,
1079 871 1171 957 cnjus
1189 867 1315 934 animus
1335 891 1375 935 ex
1394 866 1572 935 honestatis

450 997 605 1064 desiderio
627 998 674 1063 ita
696 996 899 1082 constringat
922 995 1100 1082 voluptatis
1123 994 1321 1080 cupidinem,
1344 998 1382 1058 ut
1403 1015 1476 1058 cnm
1499 993 1571 1079 pul-

451 1121 563 1188 chrum
592 1125 703 1186 cernat
732 1142 866 1206 puerum
904 1141 969 1186 non
999 1120 1180 1205 abripiatur
1208 1120 1241 1184 in
1269 1117 1460 1194 libidinem:
1492 1119 1569 1196 sed,

450 1243 603 1310 risehae
627 1240 864 1329 pulchritudine
887 1243 1044 1308 excitetur
1067 1243 1107 1308 ad
1135 1241 1365 1308 retardandum
1388 1240 1515 1327 pulchri
1539 1244 1570 1306 at

452 1367 527 1434 boni
550 1371 584 1432 et
606 1367 674 1433 veri
695 1365 801 1447 illius,
836 1366 920 1452 quod
942 1370 1018 1431 ante
1048 1365 1304 1451 conjunctionem
1336 1389 1408 1432 cum
1440 1387 1570 1451 corpore

452 1493 615 1558 contuitus
627 1491 730 1570 sit,-
740 1489 1342 1557 automissislabulosisornamentis—
1358 1494 1395 1555 ut
1406 1494 1571 1556 moveatur

452 1619 494 1684 ad
515 1619 774 1705 investigandam
796 1615 1015 1682 excellentiam
1041 1613 1134 1680 Illius
1150 1614 1272 1681 Causae
1296 1618 1330 1680 et
1352 1615 1569 1700 Exemplaris,
1685 1591 1686 1670 l

453 1743 544 1827 cujus
566 1743 722 1830 imagines
745 1747 778 1807 et
801 1739 892 1827 quasi
918 1738 1048 1804 umbras
1070 1739 1104 1804 in
1131 1739 1274 1826 pulchris
1289 1739 1384 1804 rebus
1399 1740 1567 1804 cernimus.

452 1866 562 1931 Talem
586 1867 670 1931 enim
694 1870 869 1930 amatorem
894 1863 925 1928 id
949 1867 1075 1928 tantum
1099 1885 1207 1950 agere,
1228 1867 1266 1928 ut
1287 1863 1454 1929 Socratico
1474 1864 1570 1928 disse·

451 1989 541 2055 rendi
564 2012 651 2054 more
663 1994 695 2055 et
717 1991 920 2061 διαλεκτικῶς
935 2007 1042 2052 rerum
1060 1986 1211 2052 scientiae
1223 1987 1364 2066 studens,
1376 2010 1463 2066 eum,
1476 2010 1566 2072 quern

451 2117 549 2190 amat,
572 2135 679 2178 secum
705 2113 835 2178 advari
860 2111 998 2194 bonique
1012 2110 1292 2197 investigationem
1304 2112 1469 2196 perducat.
1495 2112 1567 2177 Per·

451 2258 561 2324 peram
584 2258 663 2324 ergo
686 2258 826 2302 amorem
857 2255 984 2300 omnem
1007 2255 1026 2298 a
1050 2233 1146 2318 Lysia
1167 2235 1324 2300 damnari.
1352 2236 1565 2313 Quamobrem
1686 2247 1687 2272 ¹

453 2360 580 2446 Lysiam
604 2361 804 2439 exhortatur,
830 2365 867 2425 ut
889 2356 1011 2424 relictis
1037 2358 1104 2424 suis
1127 2359 1327 2424 sermonibus
1350 2352 1463 2433 ἁπλῶς
1487 2354 1565 2446 πρὸς
1686 2351 1687 2402 Ῑ

448 2485 579 2570 Ἔρωτα
608 2479 692 2568 μετὰ
723 2485 911 2571 φιλοσόφων
946 2485 1048 2569 λόγων
1078 2478 1136 2550 τὸν
1170 2489 1241 2570 βίον
1275 2488 1420 2571 ποιῆται.
1453 2522 1493 2532 -
1522 2483 1567 2548 At

451 2607 553 2672 vereri
576 2629 620 2685 se,
644 2607 691 2673 ait
712 2606 891 2685 Phaedrus,
914 2629 954 2676 ne
977 2608 1090 2693 Lysias
1109 2608 1177 2692 jam
1200 2607 1324 2672 nullam
1347 2607 1566 2692 ampliusora·

450 2731 572 2798 tionem
594 2731 791 2798 conscribere
811 2732 937 2798 audeat.
970 2730 1030 2798 Oui
1051 2731 1219 2798 Socrates:
1253 2754 1317 2799 non
1346 2753 1440 2798 omne
1466 2754 1563 2820 gcniu

450 2855 605 2922 orationis
627 2855 848 2941 scriptionisve
873 2856 1120 2940 improbandum
1143 2877 1222 2923 essa.

494 2978 606 3045 Placet
640 2978 725 3046 enim
748 2985 938 3070 σκέψασθαι
959 2975 1017 3048 τὸν
1040 2981 1136 3064 λόγου
1158 2979 1226 3072 ὅπῃ
1247 2983 1352 3056 καλῶς
1373 2981 1443 3064 ἔχει
1462 2985 1565 3066 λέγειν
1687 3007 1688 3050 i

450 3126 487 3170 rs
509 3105 564 3169 καὶ
586 3103 724 3191 γράφειν
745 3100 800 3171 καὶ
823 3099 890 3194 iirrp
914 3105 970 3193 μή.
995 3105 1103 3190 Atque
1125 3105 1265 3190 primum
1284 3106 1440 3172 statuitur
1458 3107 1564 3172 rheto-

451 3229 560 3306 ricam,
585 3251 680 3314 quam
703 3228 802 3315 vulgo
814 3229 1008 3314 profitentur
1022 3229 1182 3316 magistri,
1193 3233 1297 3294 artem
1313 3251 1377 3295 non
1393 3252 1471 3308 esse,
1484 3230 1566 3314 quod

450 3353 620 3418 veritatem
644 3375 752 3418 rerum
774 3374 839 3418 non
863 3359 1006 3437 quaerat.
1030 3354 1133 3431 Quam
1156 3353 1212 3438 qui
1223 3353 1363 3441 ignoret,
1383 3353 1565 3420 verisimilia

450 3498 532 3562 quae
554 3476 595 3544 ad
616 3477 868 3562 persuadendum
891 3477 1036 3559 valeant,
1067 3483 1154 3546 recte
1177 3477 1362 3565 dignoscere
1391 3483 1425 3544 et
1454 3479 1567 3546 sectari

450 3622 514 3666 non
538 3622 651 3686 posse:
675 3603 747 3669 ideo
774 3603 1018 3688 vituperandam
1048 3623 1116 3669 essa
1146 3603 1323 3670 orationem
1351 3603 1478 3689 Lysiae,
1500 3603 1565 3688 qui,

450 3724 596 3790 veritatis
622 3726 769 3811 ignarus,
795 3749 858 3793 non
881 3731 958 3794 ante
984 3728 1153 3805 definierit,
1175 3727 1219 3806 id,
1243 3728 1281 3793 de
1311 3749 1376 3812 quo
1399 3728 1564 3814 agebatur.

449 3850 600 3936 Explicat
622 3851 718 3929 dein,
744 3851 861 3935 quibus
884 3853 944 3917 viis
968 3857 1001 3916 et
1024 3852 1204 3917 rationibus
1238 3853 1278 3917 ad
1307 3855 1489 3918 accuratam
1513 3852 1566 3916 de·

449 3974 628 4039 finitionem
647 3975 806 4060 perveniri
829 3977 944 4059 possit:
963 3978 1078 4041 mentis
1094 3977 1158 4042 illis
1181 3975 1468 4041 exercitationibus
1486 3997 1565 4060 quac

448 4103 603 4192 vocentur
626 4102 796 4187 διαιρέσεις
819 4105 852 4164 et
872 4106 1065 4184 nuuuyaycir.
1086 4100 1190 4166 Hasce
1206 4103 1314 4166 autem
1328 4099 1487 4165 contineri
1499 4099 1564 4164 dia·

447 4215 579 4287 lectica:
602 4246 666 4309 qua
689 4224 887 4289 orationibus
911 4223 1052 4308 Lysiacis
1075 4221 1216 4289 Socratis
1238 4223 1328 4288 illam
1351 4225 1563 4299 antecellere:

448 4345 494 4410 ibi
517 4347 602 4412 enim
632 4347 772 4413 diversas
802 4347 920 4412 amoris
944 4351 1051 4432 partes
1073 4346 1140 4414 sive
1170 4349 1289 4432 species
1311 4353 1398 4414 recte
1430 4348 1564 4413 definiri.

389 4493 391 4500 ’
495 4467 576 4533 Cum
600 4469 664 4534 sint
688 4475 797 4536 tamen
822 4469 927 4537 multa
947 4471 1021 4551 alia,
1049 4493 1132 4556 quae
1170 4472 1316 4539 rhetores
1355 4494 1414 4540 sua
1443 4471 1564 4538 dicendi
