3432 5498
952 629 993 701 u

414 847 499 918 certe
522 852 649 936 praesto
674 849 738 916 no'n
763 853 842 916 erat.
868 849 1050 928 »Isocratis
1073 847 1190 936 inquit,
1207 870 1303 934 quam
1316 849 1440 914 constet
1463 869 1537 915 esse

412 982 515 1042 artem
537 999 601 1042 uon
622 975 838 1050 invenimus”;
861 975 887 1062 ¹)
914 979 1010 1061 atque
1041 996 1155 1060 parum
1187 974 1359 1040 verisimile
1384 979 1432 1040 est
1456 997 1532 1040 eam

410 1106 523 1187 postea
545 1123 565 1165 a
588 1099 740 1166 Cicerone
762 1100 859 1165 luisse
880 1104 1050 1185 repertam.
1086 1099 1281 1165 Plutarchus
1312 1099 1398 1165 enim
1427 1101 1465 1166 de
1489 1124 1531 1166 aa

411 1225 506 1291 fando
541 1229 668 1291 tantum
704 1223 884 1302 audiverat,
926 1222 1143 1300 Quintilianus
1177 1246 1252 1291 vero
1286 1227 1424 1310 quodam
1459 1227 1534 1292 loco

411 1350 560 1417 Isocratis
585 1348 767 1434 opinionem
789 1349 943 1413 afferens:
968 1349 1016 1413 »si
1039 1353 1166 1427 tamen,
1188 1350 1305 1435 inquit,
1338 1373 1447 1417 revera
1468 1351 1534 1416 Ars

410 1496 492 1561 quae
515 1472 738 1538 circumfertur
761 1473 829 1556 ejus
852 1471 933 1536 est.”
948 1473 976 1558 2)
989 1507 1027 1520 -
1042 1471 1125 1548 Quid
1145 1472 1248 1559 igitur
1270 1474 1332 1539 sibi
1348 1474 1430 1553 vult,
1445 1477 1535 1560 quod

410 1599 580 1684 profitetur
602 1596 727 1663 Cicero:
751 1618 785 1661 se
808 1595 995 1661 Isocratiam
1018 1596 1176 1662 rationem
1194 1619 1321 1664 omnem
1337 1599 1533 1683 complecti?

454 1723 578 1807 Nempe
605 1721 685 1787 illud
708 1720 892 1807 significat,
916 1721 976 1786 nisi
1000 1722 1108 1786 omnia
1131 1722 1272 1787 fallunt:
1309 1744 1342 1787 se
1376 1745 1426 1800 aa,
1449 1745 1535 1808 quae

410 1848 560 1913 Isocratis
584 1848 712 1912 nomine
734 1847 767 1912 in
794 1845 902 1931 aliqua
915 1845 1080 1912 rhetorum
1092 1846 1203 1912 schola
1214 1845 1426 1912 tradebantur
1438 1830 1534 1933 prae-

410 1977 525 2058 cepta,
552 1972 618 2036 suis
648 1971 739 2036 libris
769 1969 1056 2054 comprehendisse.
1091 1971 1175 2037 Nam
1208 1971 1320 2037 eodem
1349 1972 1410 2056 ipsi
1441 1972 1532 2037 loco:

411 2093 671 2180 ›Discipulorum
695 2098 814 2170 autem,
837 2093 954 2178 inquit,
978 2097 1074 2178 atque
1098 2116 1218 2171 eorum,
1234 2097 1290 2179 qui
1313 2097 1462 2180 protinus
1488 2098 1532 2162 ab

409 2220 470 2287 hac
493 2225 569 2286 sunt
592 2219 760 2304 disciplina
783 2219 928 2304 profecti,
953 2219 1056 2284 multa
1078 2221 1117 2284 de
1137 2225 1207 2285 arte
1230 2227 1399 2307 praecepta
1408 2224 1533 2308 reperi-

410 2346 511 2410 mus.''
536 2345 562 2431 ³)
586 2345 674 2422 Quae
696 2366 772 2409 vero
796 2342 892 2427 hujus
911 2343 1097 2427 disciplinae
1120 2350 1290 2429 praecepte
1313 2347 1450 2411 maxime
1473 2369 1525 2411 as-

409 2469 581 2553 sumpserit
602 2467 739 2544 Tullius‚
764 2489 803 2532 ex
823 2467 970 2532 laudibus
986 2468 1103 2552 quibus
1118 2467 1291 2535 Isocratem
1303 2471 1417 2535 ornare
1429 2473 1523 2550 solet,

408 2594 501 2658 facile
526 2593 699 2680 colligitur.
734 2592 817 2657 »Hie
840 2593 984 2676 primus,
1007 2593 1054 2657 ita
1082 2593 1128 2658 ait
1154 2594 1187 2657 in
1212 2593 1293 2659 libro
1324 2595 1379 2678 qui
1406 2595 1522 2660 dicitur

409 2711 543 2795 Orator,
574 2717 715 2782 instituit
739 2716 874 2782 dilatare
899 2717 1003 2782 verbis
1026 2721 1059 2782 et
1081 2716 1281 2783 mollioribus
1304 2719 1445 2784 numeris
1468 2741 1524 2784 ex·

408 2842 495 2928 plere
518 2839 723 2907 sententias.’'
738 2839 766 2929 4)
789 2841 837 2905 Ao
860 2863 970 2906 rursus
993 2842 1026 2906 in
1050 2840 1168 2907 Bruto:
1193 2841 1341 2906 »Primus
1363 2842 1523 2907 intellexit

408 2969 506 3034 etiam
533 2969 566 3032 in
591 2967 698 3032 soluta
721 2968 886 3044 oratione,
921 2967 997 3031 dum
1028 2989 1155 3032 versum
1182 2968 1360 3051 effugeres,
1394 2967 1522 3032 modum

407 3095 515 3156 tamen
538 3094 570 3155 et
581 3112 750 3155 numerum
763 3089 931 3174 quemdam
952 3094 1099 3174 oportere
1110 3089 1263 3156 servari.''
1278 3088 1305 3175 ὃ)
1324 3129 1355 3137 -
1376 3089 1523 3175 Itemque

406 3216 440 3279 in
463 3214 529 3279 illis
553 3214 667 3290 libris,
697 3214 735 3278 de
758 3213 875 3297 quibus
898 3236 983 3278 nuuc
1007 3213 1226 3298 disputamus:
1242 3188 1430 3299 rPrinceps
1454 3215 1524 3280 Iso-

407 3344 510 3404 crates
539 3337 717 3403 instituisse
737 3337 842 3401 fertur
871 3341 906 3401 ut
936 3337 1131 3402 inconditam
1162 3338 1368 3421 antiquorum
1399 3338 1523 3405 dicendi

406 3462 668 3527 cousuetudinem
702 3460 922 3525 delectationis
957 3465 1055 3545 atque
1091 3461 1217 3525 aurium
1251 3483 1346 3528 causa
1382 3465 1523 3530 numeris

405 3586 632 3672 astringeret.”
653 3585 679 3672 6)
704 3583 754 3649 lta
777 3585 880 3672 igitur
904 3584 1113 3650 »Isocratiam
1133 3586 1311 3651 rationem’'
1337 3586 1523 3671 complexus

405 3713 454 3774 est
477 3704 602 3794 Cicero,
629 3714 665 3774 ut
690 3732 753 3773 nou
777 3708 870 3773 modo
893 3708 926 3772 in
957 3708 1008 3772 his
1038 3708 1128 3774 libris
1156 3711 1211 3774 sed
1233 3711 1336 3798 magis
1368 3712 1465 3777 etiam
1488 3714 1523 3778 in

439 4028 466 4097 l)
485 4029 524 4083 De
542 4028 598 4082 Inr.
616 4029 633 4080 l.
645 4027 676 4082 11.
691 4030 714 4086 7.
729 4029 762 4080 ol.
777 4027 839 4080 Plut
857 4029 901 4080 vit.
913 4027 991 4086 lsoor.
1006 4029 1071 4093 532.
1088 4057 1120 4066 -
1134 4030 1241 4083 Aristot.
1256 4032 1288 4086 fr.
1300 4033 1352 4085 133
1363 4030 1413 4101 (ed.
1423 4031 1522 4097 Berol.)

439 4121 465 4180 2)
484 4117 574 4182 Quint.
593 4118 611 4171 l.
631 4116 663 4170 ll.
683 4119 726 4170 15.
746 4115 761 4184 ἕ
785 4120 809 4169 t.

438 4208 467 4272 3)
485 4205 525 4260 Da
543 4205 600 4260 Inv.
618 4207 636 4259 l.
655 4221 678 4260 c.

439 4297 467 4360 l)
486 4293 531 4349 Or.
551 4297 593 4349 40.

439 4385 467 4449 5)
484 4382 559 4437 Brut.
578 4385 621 4437 31.

439 4471 466 4541 6)
484 4471 524 4528 Da
543 4471 588 4527 Or.
607 4474 632 4528 3.
653 4474 714 4527 173.
