3432 5498
681 654 724 728 95

144 871 317 958 auditoque
351 871 454 956 prisco
484 872 666 960 sequulae’*
699 870 855 938 vocabulo
889 869 1094 936 recordamur
1124 865 1261 932 Phaedri

189 1120 257 1186 Neo
280 1120 386 1186 minus
409 1125 555 1205 apertum
579 1125 638 1198 est,
661 1121 893 1198 excusationes,
910 1119 1027 1205 quibus
1038 1116 1171 1184 Crassus
1194 1140 1263 1183 sese

145 1266 164 1308 a
187 1244 310 1309 dicendi
333 1265 464 1310 munere
487 1245 638 1323 defendit,
662 1245 747 1330 quod
782 1244 866 1309 adsit
892 1243 1060 1324 Quonam,
1080 1244 1263 1312 subsimiles

146 1390 214 1434 esse
244 1368 577 1455 tergiversationibus,
601 1369 718 1454 quibus
748 1373 861 1434 utatur
891 1367 1060 1446 Socrates,
1091 1372 1263 1454 antequam

145 1492 283 1576 primam
306 1515 397 1558 suam
420 1493 562 1578 proterat
584 1493 771 1559 orationem.
806 1493 869 1558 Hic
893 1493 977 1558 enim
1008 1493 1047 1558 cd
1071 1493 1263 1572 Phaedrum,

145 1611 439 1708 Ἐγκαλυψιίμενος
461 1615 540 1704 δρῶ,
564 1612 606 1684 ἵν’
630 1612 648 1682 ὅ
669 1643 703 1683 τι
724 1618 860 1699 τάχιστα
885 1617 1053 1703 διαδράμω
1075 1611 1133 1683 τὸν
1157 1617 1262 1701 λόγον,

145 1736 268 1829 καὶμὴ
291 1744 422 1827 βλέπων
445 1746 527 1830 πρὸς
554 1743 590 1808 σὲ
614 1736 672 1810 ὕπ’
696 1741 849 1830 αἰσχύνης
871 1745 1088 1829 διαπορῶμιιι.
1111 1741 1139 1827 ²)
1170 1741 1264 1808 cras-

146 1889 199 1951 sus
231 1887 307 1931 vero
334 1866 439 1952 magis
467 1866 550 1932 serio
573 1865 758 1932 Scaevolam
786 1866 864 1932 dicit
887 1888 955 1931 esse
977 1888 1078 1931 unum
1101 1865 1262 1931 homiuem

147 2011 231 2076 »quo
247 1995 425 2076 praesente,
437 1991 554 2075 inquit,
574 2013 635 2077 ago
651 1991 779 2075 ineptus
796 2012 864 2055 esse
877 1989 1007 2054 minime
1018 1988 1154 2063 sellem3
1167 2011 1263 2073 quem

146 2115 273 2198 quidem
306 2137 393 2180 nunc
425 2136 569 2181 mearum
604 2115 798 2199 ineptiarum
840 2119 955 2180 testem
984 2117 1017 2178 et
1050 2117 1263 2197 spectatorem

145 2238 276 2304 fortuna
299 2238 499 2305 constituit.”

188 2362 282 2430 Prior
304 2369 413 2429 autem
436 2363 577 2430 Socratis
600 2363 704 2430 oratio
729 2363 778 2428 ita
798 2363 929 2448 incipit:
964 2363 1048 2450 ssepi
1075 2363 1208 2441 παντός,
1239 2349 1263 2427 ni

145 2495 217 2564 παῖ,
240 2493 300 2571 μία
323 2482 406 2576 ἀρχὴ
428 2498 497 2563 τοῖς
517 2490 673 2573 μέλλουσι
695 2490 798 2562 καλῶς
820 2489 1048 2574 βουλεύεσθαι.
1072 2487 1192 2555 εἰδέναι
1214 2491 1267 2554 δεῖ

144 2609 223 2699 περὶ
247 2596 286 2678 cri
310 2611 352 2679 ἄν
374 2598 394 2700 ᾗ
417 2605 438 2701 ἦ
458 2613 574 2702 βουλή,
602 2636 623 2702 η
646 2607 770 2687 παντὸς
798 2604 1000 2700 ἅμαριᾶνειν
1026 2607 1157 2701 ἀνάγκη.
1188 2605 1264 2686 code

145 2737 180 2804 dd
207 2730 351 2812 πολλοὺς
381 2740 522 2826 λέληθεν
544 2733 595 2804 ὅτι
622 2731 680 2803 οὔκ
703 2737 791 2802 ἴσασι
816 2730 876 2824 τὴν
906 2730 1019 2802 osinc'un
1039 2735 1186 2802 ἑκάστου.
1223 2729 1264 2810 ὥς

146 2848 204 2928 osio
227 2861 348 2936 εἰδότες
372 2857 412 2927 ori
434 2864 702 2947 διομολογοΐινιαι
726 2855 763 2927 ἓν
785 2854 869 2948 ἀρχῇ
890 2864 946 2947 τῆς
969 2866 1123 2950 σκέψεως,
1148 2861 1264 2945 προελ-

145 2986 264 3059 δόνιες
278 2980 457 3060 divisistis
470 2981 697 3054 ἀποδιδόασιν·
721 2984 798 3050 οὔτε
815 2978 875 3071 γὰρ
886 2984 1014 3057 ἑαυτοῖς
1027 2977 1096 3049 οὔτ’
1113 2978 1264 3071 ἀλλήλοις

145 3103 368 3194 ὁμολογοῦσιν.
388 3110 417 3194 ³)
452 3110 522 3175 Hoc
544 3109 628 3175 idem
650 3109 777 3174 'Pullius
807 3130 866 3194 per
889 3107 1088 3187 Antonium,
1112 3108 1168 3192 qui
1191 3128 1264 3174 ora-

145 3234 266 3299 tionem
303 3256 399 3299 snum
430 3235 611 3300 exordiens:
646 3233 741 3320 »Ego
774 3255 869 3310 vero,
902 3231 1031 3316 inquit,
1064 3254 1195 3320 pergam
1231 3238 1264 3299 et

144 3359 177 3422 id
200 3357 338 3436 faciam,
366 3359 452 3442 quod
479 3358 514 3422 in
538 3357 697 3442 principio
720 3356 790 3421 fieri
813 3357 846 3420 in
869 3333 1018 3420 omnibus
1040 3356 1265 3442 disputationi-

144 3482 204 3548 bus
226 3486 374 3566 oportere
397 3504 519 3560 censeo,
543 3487 590 3560 ut,
614 3482 690 3566 quid
703 3480 782 3545 iliud
794 3481 848 3558 sit,
860 3480 898 3544 de
918 3502 982 3565 quo
998 3480 1188 3565 disputetur,
1207 3505 1263 3548 ex-

144 3607 316 3692 planetur3
336 3629 377 3671 ue
401 3606 511 3692 vagari
535 3610 568 3670 et
591 3628 698 3670 errare
722 3610 856 3690 cogatur
879 3605 993 3682 oratio,
1017 3605 1043 3669 si
1067 3605 1270 3689 ei‚quiinter

145 3752 179 3794 se
202 3729 408 3796 dissenserint
430 3753 494 3795 non
517 3730 601 3795 idem
624 3729 791 3816 illudque
804 3729 842 3794 de
862 3729 982 3816 agitur,
1001 3729 1221 3816 intelligant.'’
1242 3729 1269 3817 ⁴)

181 4055 211 4118 1)
228 4053 257 4107 P.
277 4055 330 4108 230
348 4052 378 4120 Β,
397 4055 449 4108 229
468 4051 498 4109 Β.
517 4083 551 4092 -
570 4050 609 4109 De
628 4052 672 4109 On.
692 4050 712 4108 I.
732 4055 757 4111 8.

182 4140 673 4211 news-mmnna

183 4230 382 4298 mame

186 4323 213 4384 t)
231 4319 271 4374 Ds
289 4319 362 4375 Orat.
380 4320 401 4376 Ι.
420 4319 433 4386 fi
452 4323 513 4375 209.
540 4319 652 4377 Videtur
675 4320 803 4377 monitam
821 4319 890 4376 iilud
915 4319 1082 4377 Platonicum
1108 4334 1271 4393 magnopere

151 4408 239 4465 Tullio
257 4411 403 4479 placuisse:
425 4410 519 4465 eadem
538 4411 645 4481 scripsit
664 4412 742 4465 etde
761 4410 828 4480 Rop.
847 4409 868 4464 1.
887 4414 931 4478 tt,
950 4415 977 4465 et
998 4411 1136 4478 »Orator5
1155 4413 1216 4480 tib,
1235 4441 1270 4449 -

147 4499 273 4562 stellato
292 4501 407 4554 auctoris
424 4501 531 4555 nomme
549 4499 676 4556 initiati.
695 4501 757 4556 libri
780 4503 813 4556 da
832 4500 945 4557 Finibus
963 4501 976 4572 ᾗ
994 4505 1019 4556 3.
1053 4501 1161 4560 »Omnis
1179 4505 1270 4566 euicta
