3432 5498
968 589 1008 662 to

426 818 571 880 essentne
594 816 702 899 partes
724 811 871 900 singulae
891 813 932 878 ab
951 813 1022 900 ipso
1034 813 1157 880 artifice
1175 812 1385 904 excogitatae,
1401 816 1554 894 effectae,

425 940 609 1026 productae.
634 937 748 1004 Libere
771 937 972 1025 gloriabatur
989 938 1170 1026 Aeschylus
1187 963 1261 1006 suas
1277 942 1459 1028 tragoedias
1474 963 1554 1007 esse

424 1065 551 1168 τεμάχη
562 1070 627 1131 τῶν
637 1063 788 1148 μεγάλων
805 1057 993 1152 Ὁμηρικῶν
1010 1067 1162 1144 δείπνων,
1181 1064 1319 1152 ingenue
1330 1067 1554 1150 profitebatur

426 1190 596 1258 Terentius
625 1212 659 1256 se
693 1192 799 1256 totum
830 1189 966 1275 pendere
989 1212 1028 1257 ex
1051 1189 1229 1257 Menandro
1262 1194 1296 1256 et
1329 1190 1552 1275 Apollodoro;

425 1338 529 1403 neque
553 1319 610 1381 aut
633 1313 779 1382 Catullus
802 1319 859 1380 ant
881 1315 1037 1380 Horatius
1060 1315 1129 1382 ullo
1151 1319 1247 1400 pacto
1269 1314 1466 1380 dissimulare
1487 1337 1551 1382 oo-

425 1441 601 1520 nabantur,
617 1442 814 1526 quantopere
825 1439 1029 1525 Sapphonem
1041 1439 1198 1505 Alcaeum
1209 1439 1367 1507 Alcmana
1376 1440 1551 1506 imitaren-

425 1572 489 1632 tur.
513 1567 588 1632 Non
610 1564 820 1650 poenitebat,
843 1564 928 1648 quod
951 1563 1046 1648 plena
1068 1585 1166 1630 manu
1188 1565 1333 1631 hausisse
1358 1566 1551 1630 viderentur

425 1713 464 1757 ex
486 1688 658 1775 praeclaris
677 1687 844 1773 operibus,
867 1709 951 1773 qnae
973 1687 1075 1754 veluti
1097 1688 1203 1754 tontes
1225 1689 1403 1756 uberrimos
1425 1692 1549 1756 summi

425 1819 501 1882 ante
535 1836 568 1879 se
591 1812 737 1878 homines
764 1811 992 1896 reliquissent,
1024 1812 1109 1898 qnod
1139 1814 1365 1879 venustissima
1396 1837 1549 1900 quaeque

427 1941 536 2025 apium
566 1959 654 2004 more
683 1936 841 2021 modoque
870 1936 1011 2020 undique
1033 1935 1199 2023 collegisse
1221 1938 1426 2016 dicerentur,
1450 1940 1549 2004 dum·

427 2063 521 2131 modo
545 2084 668 2128 summa
691 2061 795 2146 operis
818 2060 1029 2126 conformatio
1050 2065 1087 2126 ut
1110 2061 1254 2146 ipserum
1271 2062 1402 2147 propria
1417 2063 1458 2128 ab
1473 2085 1547 2127 om-

425 2188 521 2254 nibus
544 2189 782 2272 agnosceretur.
806 2184 849 2249 Et
871 2184 919 2248 illi
950 2185 1089 2269 quidem,
1119 2185 1243 2269 opinor,
1266 2191 1363 2252 recte.
1398 2185 1482 2258 Nam
1506 2188 1546 2252 in

425 2311 561 2400 singulis
584 2310 730 2395 partibus
754 2309 824 2375 sine
845 2308 1091 2393 reprehensione
1114 2308 1279 2376 elaborare
1302 2310 1354 2376 uel
1375 2311 1546 2378 mediocris

424 2441 474 2502 est
496 2434 634 2521 ingenii;
653 2432 709 2498 aed
730 2435 835 2498 totum
859 2453 978 2516 ponere
1005 2453 1113 2516 posse,
1144 2432 1205 2500 hoc
1227 2435 1355 2500 demum
1382 2436 1543 2503 artificem

424 2561 466 2629 ab
488 2559 634 2645 operario
656 2557 803 2624 secernit.

468 2684 574 2761 Quid?
608 2681 710 2748 Estne
734 2682 835 2766 major
857 2681 929 2747 lans
952 2681 1138 2762 architecti,
1166 2683 1280 2768 quiin
1312 2683 1445 2749 aedibus
1484 2707 1543 2750 ox-

424 2808 586 2876 struendis
618 2806 761 2894 singulos
795 2805 933 2891 lapides,
967 2807 1096 2894 singula
1118 2811 1307 2874 ornamenta
1329 2807 1397 2892 ipse
1420 2807 1544 2873 deline-

424 2934 537 3013 averit,
560 2933 629 3018 ipse
652 2931 831 3016 sculpserit,
854 2953 952 3016 quam
974 2931 1044 3016 ejus
1068 2931 1123 3017 qui
1141 2930 1263 3016 lapides
1286 2931 1464 3012 redivivos,
1485 2933 1545 3018 qui

425 3056 622 3142 praestantia
645 3054 783 3121 aliorum
807 3053 982 3121 caelamina
1002 3055 1134 3142 egregia
1156 3059 1225 3122 arte
1242 3055 1277 3122 in
1296 3057 1546 3141 perfeetumab-

424 3181 632 3264 solutumque
655 3178 814 3263 quoddam
838 3200 918 3262 opus
941 3179 1168 3263 conjunxerit?
1193 3178 1358 3245 Dementia
1387 3185 1437 3246 est
1459 3183 1545 3246 anti-

425 3327 504 3390 quas
538 3304 631 3369 aedes
654 3302 853 3380 disturbare,
877 3304 921 3388 *ut
944 3306 1092 3366 accurate
1115 3302 1239 3382 discas,
1271 3306 1362 3388 cujus
1395 3305 1547 3392 lapidarii

425 3429 518 3514 signo
542 3427 608 3492 sint
630 3425 752 3512 singuli
775 3426 898 3510 lapides
917 3427 1030 3491 notati.
1054 3426 1109 3507 At,
1133 3448 1207 3492 eum
1223 3427 1456 3496 inmarmoreis
1469 3453 1545 3515 por-

334 3545 338 3556 '
426 3551 544 3616 ticibns
567 3549 735 3615 ambulans
759 3552 897 3635 superba
925 3550 1090 3635 laquearia
1110 3556 1143 3616 et
1170 3551 1389 3619 columnamm
1414 3554 1544 3640 elegan-

426 3673 506 3739 tiam
537 3673 721 3753 admiraris,
755 3678 789 3739 et
827 3675 899 3740 dein
930 3674 1010 3741 alias
1044 3676 1276 3742 exstructiones
1305 3678 1365 3743 tibi
1387 3678 1422 3742 in
1455 3700 1544 3744 men·

426 3807 493 3868 tem
508 3822 671 3880 revocans,
690 3805 796 3867 tecum
813 3807 953 3886 reputas,
977 3824 1073 3888 quam
1098 3803 1280 3887 prudenter,
1304 3825 1465 3889 quamque
1488 3827 1544 3869 ve-

426 3931 521 3992 nuste
545 3948 654 3992 eorum
677 3926 873 3992 lineamenta
896 3932 929 3992 et
958 3932 1090 3992 ornatus
1118 3929 1224 3994 varios
1252 3927 1428 3995 architecta
1451 3951 1544 3995 usur·

426 4051 552 4136 paverit
582 4055 615 4116 et
637 4052 840 4135 conjunxerit
861 4056 918 4116 aut
944 4052 1043 4117 etiam
1066 4053 1282 4118 emendaverit
1303 4053 1344 4118 ad
1367 4052 1428 4120 hoc
1450 4076 1544 4119 suum

427 4196 507 4258 opus
531 4175 797 4252 concinnandum,
821 4177 853 4241 id
873 4177 999 4242 demum
1022 4197 1216 4264 magnopere
1239 4177 1338 4242 animi
1353 4176 1545 4244 oblectatio-

427 4319 501 4362 nem
530 4303 637 4384 auget.
666 4297 718 4365 Sic
749 4301 847 4365 etiam
871 4323 942 4366 eum
965 4301 1000 4365 in
1026 4301 1143 4367 litteris
1170 4300 1321 4366 humanis
1343 4303 1545 4387 praeclarum

427 4421 587 4506 quoddam
610 4423 783 4490 artificium
805 4424 1068 4510 contemplamur,
1091 4428 1129 4491 nt
1144 4447 1271 4492 omnem
1288 4426 1356 4510 ejus
1376 4430 1544 4512 praestan-
