3432 5498
972 642 1014 710 62

431 857 568 924 utilitati
593 858 793 942 voluptative
816 882 884 925 esse
903 858 1018 946 possit:
1043 857 1139 923 hosce
1164 857 1305 924 libenter
1327 859 1366 924 ad
1383 858 1497 940 lucem,
1515 859 1558 925 sd

433 983 608 1048 utilitatem
632 982 818 1062 homiuum,
850 985 890 1049 ad
913 983 1151 1048 institutionem
1174 1005 1364 1067 puerorum,
1389 985 1554 1049 advitam

432 1107 594 1192 publicam
626 1128 698 1171 curn
735 1105 887 1173 Cicerone
921 1128 1071 1172 revocare
1105 1106 1250 1171 velimus.
1281 1147 1324 1155 -
1359 1106 1555 1172 ›Facessant

434 1232 537 1318 igitur
561 1252 686 1308 omnes,
709 1231 766 1314 qui
788 1231 901 1297 docere
924 1230 1006 1296 nihil
1029 1233 1179 1315 possunt,
1203 1252 1267 1314 quo
1291 1229 1404 1295 melius
1427 1230 1555 1314 sapien-

432 1357 561 1439 tiusque
583 1353 768 1419 vivamus!”

478 1479 539 1544 Sed
563 1479 672 1543 redeat
709 1479 812 1544 oratio
847 1501 884 1544 eo
917 1480 1001 1544 unde
1036 1477 1206 1546 aberravit.
1244 1478 1412 1562 Perpensis
1446 1479 1548 1544 ratio-

433 1605 548 1682 nibus,
583 1601 698 1688 quibus
737 1604 914 1688 sapientiae
947 1603 1107 1688 possessio
1141 1602 1262 1668 oratori
1295 1603 1549 1677 commendetur,

433 1727 720 1795 conformationem
752 1728 852 1792 totius
879 1727 1003 1812 operis,
1031 1727 1057 1792 si
1097 1726 1221 1812 placet,
1255 1726 1418 1811 paulisper
1451 1727 1553 1812 respi-

433 1855 564 1920 ciamus
588 1851 636 1916 Eo
660 1851 819 1916 instructu
843 1854 1022 1936 ornatuque
1046 1855 1094 1915 ost
1115 1850 1194 1916 haec
1225 1851 1401 1936 disputatio
1425 1852 1555 1923 cousin-

434 1983 520 2054 nata,
544 1981 580 2041 ut
605 1997 668 2040 nou
681 1975 785 2062 magis
809 1979 958 2040 accurata
982 1975 1164 2060 explanatio
1188 1997 1284 2059 quam
1301 1976 1432 2061 egregia
1447 1975 1552 2044 suasio

434 2101 495 2167 dioi
518 2100 629 2185 possit.
653 2099 737 2164 Nom
762 2099 925 2177 »suadere
947 2099 1109 2184 inquiunt,
1132 2098 1253 2182 aliquid
1287 2103 1344 2163 aut
1371 2098 1551 2163 dissuadere

435 2225 644 2314 gravissimae
668 2228 717 2288 est
745 2223 930 2308 personae.’'
956 2222 981 2310 ¹)
1015 2222 1090 2287 Jam
1125 2221 1191 2286 sire
1227 2222 1462 2287 consideramus
1496 2245 1554 2300 ea,

436 2373 518 2437 quae
541 2348 632 2434 quasi
655 2348 689 2412 in
712 2370 806 2412 scena
829 2352 984 2432 aguntur,
1009 2347 1076 2412 sive
1099 2345 1134 2410 in
1157 2345 1300 2431 personis
1322 2346 1450 2412 fabulae
1470 2369 1554 2412 sem·

436 2496 493 2559 per
515 2476 696 2559 spectamus
718 2472 823 2556 ipsum
847 2471 1036 2555 scriptorem
1059 2475 1201 2548 tantum,
1215 2473 1378 2535 auctorem
1399 2471 1553 2537 habemus

435 2597 523 2662 illius
547 2594 725 2660 sententiae
748 2595 949 2680 aptissimum
973 2593 1013 2656 ad
1039 2592 1133 2657 fidem
1167 2592 1353 2660 laciendum.
1389 2596 1553 2662 Habemus

437 2719 617 2786 Antonium
630 2723 663 2783 et
675 2717 825 2784 Crassum
837 2741 977 2783 summos
990 2722 1143 2796 oratores,
1157 2718 1241 2783 viros
1256 2719 1364 2798 bonos,
1376 2721 1429 2784 vel
1443 2721 1552 2804 potius

440 2845 596 2910 habemus
618 2843 722 2927 ipsum
746 2842 1010 2907 »disertissimum
1030 2841 1160 2907 Romuli
1184 2842 1363 2927 nepotem.''
1381 2843 1455 2908 Non
1475 2866 1552 2908 sane

438 2969 479 3035 sd
502 2968 603 3052 inepti
627 2967 790 3051 cujusdam
814 2966 1028 3044 Phormionis,
1051 2988 1154 3050 neque
1177 2967 1216 3032 ad
1236 2966 1363 3040 Coraeis
1379 2971 1436 3032 aut
1447 2967 1554 3038 Tisias

439 3113 600 3158 sermones
624 3090 684 3154 tibi
707 3091 920 3157 admovendae
942 3095 1018 3157 sunt
1041 3110 1150 3156 aures:
1184 3093 1339 3157 sentimus
1373 3114 1427 3157 eos
1459 3115 1553 3177 prae-

435 3221 558 3283 stantes
581 3238 648 3280 esse
670 3215 710 3280 iis
734 3216 892 3295 omnibus,
915 3218 1119 3301 quaedocere
1132 3220 1164 3281 et
1188 3218 1410 3282 commendare
1429 3217 1551 3284 volunt.

437 3341 591 3408 Doctrina
615 3341 757 3427 egregia
770 3341 847 3425 quid
871 3340 978 3407 valeat
1000 3342 1040 3407 ad
1062 3341 1239 3419 dicendum,
1253 3362 1317 3405 non
1336 3341 1440 3428 magis
1452 3341 1553 3406 ratio·

435 3467 529 3531 nibus
553 3465 702 3550 probant,
726 3488 821 3550 quam
845 3466 929 3546 ritae
953 3465 1105 3549 exemplis
1128 3464 1220 3548 qnasi
1242 3464 1343 3529 oeulis
1366 3464 1551 3548 subjiciunt.

436 3592 538 3667 Quam
573 3589 736 3675 praeclara
759 3589 940 3654 litterarum
963 3589 1177 3654 humanarum
1198 3590 1382 3676 cognitione
1409 3589 1553 3655 omnium

436 3737 596 3781 sermones
620 3714 798 3780 excellunt!
822 3713 1028 3780 Admiramur
1052 3716 1146 3780 breve
1170 3718 1203 3778 et
1225 3714 1410 3800 intelligens
1433 3719 1553 3779 etecu-

436 3843 506 3904 tum
530 3839 609 3904 illud
634 3840 671 3903 de
695 3839 890 3905 Graecorum
913 3839 1073 3904 historicis
1104 3844 1136 3904 et
1166 3839 1345 3903 oratoribus
1376 3839 1551 3923 judicium,

436 3966 521 4049 quod
546 3970 615 4031 tum
639 3965 755 4042 Crassi,
779 3969 848 4030 tum
873 3963 1006 4030 Antonii
1029 3985 1104 4027 voce
1126 3964 1297 4047 profertur.
1329 3964 1377 4030 De
1410 3964 1554 4048 philoso-

436 4090 574 4175 phorum
599 4095 707 4156 autem
731 4088 862 4154 familiis
886 4088 1102 4172 doctrinisque
1138 4088 1224 4154 houd
1257 4088 1371 4155 leviter
1403 4088 1554 4154 instructi

434 4325 594 4336 a———n-—n

469 4447 869 4555 amomum(
