3406 5496
686 600 727 700 le

148 843 258 909 fratris
281 842 377 921 filius,
401 863 482 926 quos
510 841 582 926 pari
606 841 861 926 amplectebatur
882 865 1000 928 amore,
1023 845 1064 910 ad
1087 867 1156 911 eam
1175 833 1264 912 aeta·

152 973 219 1034 tem
241 970 463 1052 pervenerant,
486 969 526 1031 ut
547 987 622 1030 mox
638 964 761 1030 dicendi
779 967 957 1052 praeceptis
969 973 1075 1034 essent
1089 969 1266 1036 imbuendi:

156 1091 238 1156 alter
261 1090 437 1168 decimum,
460 1089 543 1154 alter
565 1089 768 1157 undecimum
788 1092 904 1156 aetatis
926 1113 1045 1156 annum
1068 1091 1196 1178 agebat.
1219 1091 1268 1158 Ea

154 1219 263 1280 aulem
287 1217 358 1278 crat
379 1213 444 1279 illis
466 1213 665 1298 temporibus
687 1214 848 1279 institutio
868 1237 1040 1300 puerorum
1063 1218 1117 1291 ut,
1145 1215 1266 1281 sivein

157 1339 251 1403 domo
273 1343 408 1421 paterna
431 1335 602 1415 discerent,
628 1340 664 1402 ut
687 1335 870 1417 Cicerones,
894 1338 961 1403 siue
983 1338 1024 1404 ad
1045 1339 1190 1424 publicos
1212 1340 1267 1404 lit·

154 1465 295 1526 terarum
321 1461 411 1526 ludos
435 1459 653 1540 mitterentur,
676 1484 695 1526 a
711 1462 847 1545 septimo
866 1463 932 1527 fere
951 1462 1067 1527 aetatis
1082 1484 1167 1528 anno
1184 1465 1268 1548 apud

151 1585 364 1653 litteratorem
389 1586 455 1650 sive
480 1587 726 1674 γραμματιστήν
747 1585 874 1672 legendi
897 1587 1055 1651 scribendi
1080 1588 1268 1653 numerandi

152 1710 310 1776 elementa
326 1711 499 1788 discerent3
522 1710 775 1795 consequebatur
794 1710 879 1795 apud
898 1712 1144 1797 grammaticum
1156 1718 1268 1797 po'e‘ta·

150 1855 222 1900 rum
236 1834 456 1918 pertractatio,
468 1833 676 1898 historiarum
685 1833 841 1920 cogniti0,
853 1835 1021 1900 verborum
1033 1835 1267 1920 interpretatio,

149 1980 206 2022 scu
220 1959 360 2025 studium
381 1980 491 2024 earum
511 1959 644 2037 artium,
669 1981 751 2042 quae
771 1962 915 2042 repertae
935 1963 1022 2036 sunt,
1040 1963 1076 2023 ut
1095 1981 1267 2042 puerorum

151 2088 273 2148 mentes
285 2085 325 2148 ad
338 2083 572 2150 humanitatem
585 2084 783 2168 fingerentur
794 2087 891 2167 atquc
905 2083 1067 2150 virtutem.
1084 2083 1109 2168 1)
1122 2082 1200 2148 Post
1213 2106 1267 2148 ex·

150 2208 269 2293 pletam
279 2213 400 2278 mentes
412 2209 451 2271 ad
463 2207 553 2272 illam
565 2205 729 2288 ἐγκύκλιον
742 2210 1058 2292 suadelam—neque
1070 2208 1156 2271 enim
1167 2207 1265 2272 latius

149 2333 206 2398 ille
217 2332 305 2398 orbis
320 2331 465 2416 patebat,
482 2371 517 2379 υ
536 2331 560 2394 ii
572 2335 698 2394 tautum
716 2331 772 2416 qui
790 2331 932 2394 forenses
943 2329 1053 2394 laudes
1069 2332 1265 2416 appetebant

148 2481 205 2544 per
216 2458 340 2542 aliquot
351 2479 452 2520 annos
464 2457 504 2520 ad
518 2455 680 2520 rhetorem
693 2454 909 2519 ventitabant:
923 2458 960 2519 ut
970 2454 1043 2519 finis
1060 2457 1161 2521 totius
1183 2456 1263 2522 insti

148 2581 282 2648 tutionis
294 2581 361 2645 fere
377 2585 453 2645 tunc
466 2583 550 2644 esset
563 2580 691 2664 quando
709 2582 786 2664 toga
806 2578 907 2644 virilis
926 2580 1121 2660 sumebatur,
1134 2581 1166 2647 id
1178 2583 1263 2666 quod

147 2708 246 2772 fiebat
278 2705 357 2772 olim
386 2705 452 2768 fere
483 2705 605 2768 decimo
635 2703 771 2787 septimo
800 2723 885 2765 anno
909 2704 1078 2787 completo.
1114 2707 1163 2772 Ea
1186 2729 1261 2773 vero

144 2834 251 2896 aetate
275 2829 443 2914 Virgilius,
467 2849 539 2892 cum
562 2832 657 2892 natus
681 2832 764 2892 esset
786 2828 939 2913 Pompcjo
964 2833 997 2894 et
1020 2828 1134 2894 Crasso
1147 2853 1261 2896 consu-

144 2956 242 3034 libus,
265 2955 377 3020 iisdem
401 2954 518 3018 iterum
547 2956 621 3036 post
644 2972 688 3015 xv
717 2974 817 3017 annos
845 2952 1039 3032 consulibus,
1062 2955 1129 3019 sive
1151 2957 1260 3022 eodem

141 3100 228 3144 anno
263 3100 327 3162 quo
361 3077 438 3141 libri
468 3077 527 3140 »de
551 3076 706 3141 Oratorc'’
736 3077 846 3162 scripti
876 3081 952 3140 suut
982 3076 1105 3141 bullam
1128 3101 1258 3144 auream

141 3205 247 3269 fertur
273 3202 465 3286 deposuisse.
498 3201 633 3284 Sumpta
662 3206 770 3266 autem
793 3205 870 3285 toga
899 3200 984 3264 virili
1008 3201 1258 3268 »adolescentuli

139 3329 252 3394 statim
274 3365 313 3375 -
335 3331 372 3392 ut
396 3325 493 3390 Plinii
517 3326 649 3390 minoris
673 3326 776 3390 verbis
800 3329 873 3389 utar
898 3363 938 3373 —
962 3325 1176 3390 castrensibus
1199 3327 1257 3392 sti·

144 3453 269 3538 pcndiis
291 3451 531 3529 imbuebantur,
554 3456 590 3515 ut
610 3451 766 3534 imperare
786 3450 937 3533 parendo,
957 3450 1051 3516 duces
1067 3474 1161 3538 agere
1180 3453 1256 3518 dum

142 3581 322 3664 sequuntur
355 3580 581 3640 assuescerent.
617 3575 695 3639 Inde
730 3576 867 3640 honores
897 3575 1030 3660 petituri
1060 3577 1257 3642 adsistebant

140 3701 250 3766 curiae
274 3701 396 3768 foribus
418 3705 450 3764 et
474 3699 598 3764 consilii
621 3700 741 3783 publici
764 3704 957 3783 spectatores
984 3704 1157 3783 antequam
1180 3724 1256 3767 con-

137 3828 243 3890 sortes
267 3827 389 3890 erant.”
415 3827 440 3907 2)
467 3825 566 3890 Pauci
593 3825 762 3889 admodum
787 3829 879 3888 erant
900 3825 935 3902 ii,
959 3826 1015 3908 qui
1042 3848 1075 3889 se
1096 3826 1255 3892 excellen-

139 3949 265 4019 tissimo
284 3950 409 4014 cuidam
428 3949 549 4014 oratori
568 3952 626 4014 aut
646 3948 833 4032 jurisperito
853 3949 1015 4013 traderent
1036 3954 1092 4015 aut
1110 3950 1253 4036 philoso-

137 4071 233 4157 phiae
253 4072 417 4138 discendae
441 4095 536 4138 causa
558 4073 704 4139 Athenas
727 4095 760 4137 sc
783 4073 971 4138 conterrent.

136 4253 296 4263 ——na—-n

172 4375 200 4446 1)
218 4377 258 4432 ns
276 4376 321 4432 or.
341 4378 360 4432 1.
380 4383 440 4436 isc.
459 4381 502 4437 111.
522 4383 535 4448 s
553 4385 595 4437 sc.

172 4473 201 4544 a)
219 4472 268 4546 ap.
283 4473 301 4527 1.
321 4474 389 4530 vm.
408 4476 450 4530 u.
470 4477 495 4536 a
