3432 5498
922 963 1035 1059 -ru'

471 1243 519 1312 De
544 1243 597 1311 Or.
622 1241 683 1308 ΙΙΙ.
707 1247 725 1328 ξ
750 1243 814 1307 20'0
838 1263 884 1325 sq.
907 1237 1048 1324 Rejectia
1071 1237 1544 1330 111155115ὴί1555551111155511·

424 1371 539 1436 tentiis
563 1370 657 1434 leutio
682 1367 802 1433 Orellio
824 1366 1044 1453 probata-hoe
1065 1365 1146 1431 loeo.
1159 1366 1325 1435 retinenda
1348 1370 1406 1434 est.

468 1901 549 1970 Hor.
573 1901 639 1970 Sat.
664 1904 689 1984 Ι,
715 1900 1011 2030 31112551-
1013 1901 1082 1968 sie
1082 1897 1227 2028 legendi
1242 1910 1319 2002 sunt
1346 1907 1431 1992 (uum
1450 1906 1541 1974 libris

424 2028 650 2122 quibusdam):
727 2023 728 2028 ¹
1165 2014 1168 2023 ’
1278 2019 1281 2024 ’

557 2152 676 2218 Cumt
662 2158 719 2217 tua
739 2140 924 2240 praevideas
942 2147 1063 2217 oeulis
1072 2153 1151 2216 mole
1173 2147 1280 2244 lippua
1302 2154 1453 2235 inunotis,

560 2277 624 2342 Cur
648 2279 681 2342 in
706 2278 880 2342 amicorum
906 2275 992 2340 vitiis
1014 2278 1082 2339 tam
1103 2263 1206 2341 cernis
1228 2275 1368 2348 acutum.

469 2401 557 2467 Haeo
585 2403 669 2466 enim
702 2402 870 2467 verborum
901 2399 965 2464 vis:
1001 2397 1081 2465 Cum
1112 2423 1176 2466 non
1201 2403 1315 2469 melius
1346 2427 1456 2471 cernas
1485 2411 1543 2472 555

424 2526 513 2605 vitia,
539 2547 634 2610 quam
659 2526 805 2612 neglecta
828 2524 992 2591 oculorum
1015 2524 1201 2592 inunctione
1224 2527 1342 2614 lippus,
1366 2551 1422 2596 our
1444 2534 1503 2597 eto.

954 2807 1012 2904 11.

468 3057 545 3133 VII.
568 3060 669 3133 Tacit.
693 3061 778 3129 Ann.
796 3057 875 3127 XII.
893 3057 935 3132 C.
960 3063 1015 3128 63:

581 3193 823 3275 ..quaererent
809 3173 951 3254 tsede'm
975 3185 1139 3254 caecorum
1162 3187 1256 3254 terris
1283 3145 1462 3256 adversam.
1487 3184 1542 3255 Ea

493 3323 509 3330 ‘'
557 3310 693 3400 ambage
716 3311 919 3378 Chalcedonii
939 3314 1163 3379 monstrabant
1150 3307 1204 3378 tur
1208 3313 1312 3398 ‚quod
1328 3314 1449 3398 priores
1465 3314 1542 3381 illua

557 3439 681 3503 advecti
698 3427 843 3524 prueiieo
866 3437 1009 3507 locorum
1032 3423 1173 3505 utilitate
1196 3425 1306 3523 pejora
1328 3438 1491 3525 legissent.

468 3560 561 3628 Nihil
584 3567 768 3648 corruptum
792 3566 849 3630 est.

943 3839 1018 3913 vn.

412 4092 416 4102 ⁴
466 4093 517 4164 Ex
540 4100 768 4214 commentario
790 4081 917 4185 lapideo
940 4110 1042 4204 nuper
1049 4077 1186 4170 Romae
1213 4091 1360 4167 effosso
1347 4125 1420 4214 June
1449 4096 1540 4169 oolli-

422 4224 471 4310 git
472 4247 510 4289 nr
457 4223 629 4303 tdeos,
665 4207 720 4310 qui
743 4225 777 4289 in
800 4223 928 4290 Horatii
953 4223 1101 4292 Carmine
1131 4223 1272 4293 Seculari
1299 4201 1490 4293 invocantur
1520 4250 1540 4292 a

421 4369 514 4414 versu
534 4349 676 4427 37-52,
700 4373 766 4415 esse
790 4349 885 4436 Capit
886 4350 1003 4430 olinoa;
1026 4351 1160 4436 ideoque
1172 4356 1245 4438 post
1264 4374 1392 4419 versum
1410 4353 1452 4420 36
1470 4373 1539 4418 uar-

332 4517 335 4522 -
420 4496 494 4542 men
518 4473 720 4544 incidendum
743 4496 820 4542 esse.
