3406 5496
690 605 733 678 47

154 825 354 898 orationibus
366 828 448 894 risus
459 828 694 906 affectatorem
707 851 726 896 a
738 829 911 898 Plutarcho
919 852 1046 916 quoque
1055 828 1268 911 centeuditnr,

156 949 339 1032 Ciceronem
352 951 475 1017 ridendi
485 952 662 1036 cupiditate
677 975 779 1038 usque
789 953 830 1017 ad
843 953 1071 1020 scurrilitatem
1082 959 1269 1038 provectum

156 1095 224 1138 esse
244 1095 347 1157 neque
361 1074 394 1138 in
415 1063 612 1140 causis'satis
628 1075 735 1140 decori
751 1076 908 1143 rationem
920 1077 1081 1158 habuisse,
1092 1079 1268 1145 immovero

155 1198 251 1262 etiam
268 1198 324 1263 illa
341 1199 510 1264 dicacitate
524 1197 643 1263 multos
661 1198 788 1263 laesisse
801 1203 834 1264 et
847 1200 966 1264 famam
981 1200 1124 1266 malitiae
1142 1208 1270 1268 contru-

155 1321 252 1386 xisse.
269 1321 342 1406 lpse
353 1326 462 1388 autem
478 1321 589 1387 Cicero
611 1321 667 1386 illa
679 1321 833 1387 facultate
844 1322 891 1387 ite
903 1323 1127 1408 gloriatur,ut,
1137 1326 1164 1390 si
1176 1331 1269 1392 acute

157 1449 215 1509 aut
226 1445 329 1510 facete
344 1445 503 1511 dictorum
520 1447 638 1512 famam
651 1446 792 1532 effugere
809 1445 897 1523 velit,
916 1447 1035 1512 famam
1054 1448 1175 1535 ingenii
1186 1451 1270 1534 abji-

153 1567 298 1633 ciendam
326 1590 395 1633 esse
429 1569 524 1635 dicet.
547 1570 573 1656 ¹)
609 1569 688 1634 Post
712 1568 858 1634 Caesaris
884 1591 1083 1650 sermonem,
1107 1571 1270 1638 Antonius

154 1689 312 1774 quaedam
335 1690 507 1757 memoriae
532 1695 700 1775 praecepta
715 1690 811 1755 addit·
831 1689 968 1775 Reliqua
991 1691 1025 1756 in
1047 1695 1270 1778 postmeridia-

153 1835 233 1878 num
256 1817 382 1898 tempus
404 1814 605 1879 differuntur.

200 2060 274 2126 Jam
287 2061 418 2127 tertium
430 2061 547 2128 librum
569 2086 801 2148 percurramus,
816 2065 849 2129 in
872 2065 963 2149 cujus
977 2068 1138 2150 prooemio
1158 2069 1269 2138 Cicero

154 2185 266 2252 stetim
290 2185 389 2251 altius
411 2187 562 2274 assurgit,
578 2191 611 2252 et
623 2188 784 2254 concitato
795 2189 902 2255 animo
917 2193 988 2254 tum
1000 2195 1135 2258 mortem
1153 2194 1270 2274 Crassi,

154 2309 212 2392 qui
235 2308 290 2376 rix
313 2309 420 2376 decem
444 2311 555 2376 diebus
578 2316 651 2396 post
673 2312 732 2378 bos
754 2334 915 2380 sermones
927 2315 1103 2382 exstinctus
1125 2322 1186 2398 est,
1200 2322 1270 2384 tum

155 2439 356 2515 ceterorum,
386 2458 467 2522 quos
497 2436 547 2503 his
570 2437 662 2505 libris
684 2439 921 2518 adamavimus,
950 2439 1077 2505 tristem
1105 2441 1271 2506 interitum

155 2563 297 2630 enarrat.
321 2559 383 2626 Sed
405 2558 546 2646 ipsorum
564 2583 690 2647 quoque
706 2561 957 2646 colloquentium
980 2585 1142 2630 sermones
1148 2566 1216 2650 jam
1229 2567 1270 2632 ab

154 2687 252 2753 initio
284 2689 415 2775 gravius
443 2687 565 2772 aliquid
598 2692 696 2770 atque
730 2687 844 2752 elatius
878 2691 1004 2753 sonant.
1043 2686 1197 2772 :Superest
1233 2692 1271 2753 ut

155 2811 283 2876 dicatur
294 2813 332 2878 de
344 2814 506 2880 obsectione
522 2815 555 2878 et
566 2813 698 2887 nodosa,-
711 2831 793 2895 quae
804 2815 912 2894 partes
928 2809 1042 2877 Crasso
1055 2810 1271 2896 explicandae.

156 2935 221 3011 Qui
251 2936 368 3002 leniter
397 2939 606 3021 conquestus,
630 2933 715 3018 quod
737 2931 899 2998 Antonius
929 2955 967 2999 ea
987 2933 1162 3014 divisisset,
1189 2957 1271 3019 quae

154 3059 303 3143 sejuncta
326 3082 473 3126 essenon
495 3062 635 3144 possent,
656 3078 731 3122 cum
754 3056 815 3122 sibi
838 3056 1025 3141 sumpsisset
1048 3056 1124 3140 quid
1145 3057 1209 3122 dici
1230 3057 1273 3122 ab

156 3186 287 3249 oratore
329 3183 483 3261 deberet,
522 3181 584 3266 ipsi
628 3185 737 3246 eutem
782 3179 964 3265 reliquisset
1006 3180 1272 3264 quemadmodum

158 3304 240 3388 illud
275 3305 382 3370 ornari
416 3307 599 3389 oporteret,
633 3305 784 3370 contiuuo
818 3326 886 3369 sese
921 3306 1012 3370 effert
1044 3305 1085 3370 ed
1130 3303 1273 3371 conside·

159 3428 292 3494 randam
317 3429 577 3507 consensionem,
602 3451 665 3512 qua
693 3449 797 3494 rerum
823 3427 1014 3493 universitas
1035 3428 1271 3493 contineretur:

193 3735 224 3798 l)
234 3734 269 3786 ed
279 3733 352 3786 Fam.
363 3731 406 3785 lX.
420 3731 462 3785 le.
475 3730 490 3798 ἐ
504 3731 671 3785 3.—Facete
682 3731 833 3786 eCicerone
843 3731 914 3784 dicte
927 3731 1012 3799 primo
1024 3729 1137 3783 collecte
1149 3729 1273 3784 videntur

155 3840 174 3876 a
193 3821 223 3876 C.
239 3821 376 3877 Trebonio
392 3822 440 3875 cfr.
466 3821 501 3874 ad
520 3821 582 3874 leur.
601 3821 658 3875 xv.
678 3823 710 3874 tl
731 3825 758 3874 et
776 3818 833 3874 llll.
853 3822 896 3873 ld.
915 3817 1057 3872 Praetores
1075 3819 1169 3872 saltem
1188 3837 1272 3888 usque

156 3913 192 3964 ed
212 3915 327 3964 aetatem
344 3909 487 3964 Meercbrii
511 3909 776 3963 circumferebantur.
800 3909 836 3962 llI
860 3907 923 3962 libri
940 3907 974 3960 de
988 3908 1058 3976 jocis
1076 3906 1211 3962 Ciceronis
1237 3909 1272 3962 sb

156 3998 257 4053 Tirone
283 4000 343 4068 ejus
361 3999 457 4052 liberto
483 3999 593 4066 scripti,
612 4013 725 4067 quorum
744 4004 771 4049 et
787 3995 898 4059 Quintil.
917 3995 960 4049 vl.
979 4011 1003 4048 c.
1021 3999 1037 4050 3
1057 3994 1072 4061 ξ
1092 3998 1109 4048 5
1127 4000 1154 4049 et
1171 3997 1272 4050 sobolis

156 4085 301 4140 Bobiensie
318 4087 365 4151 (ed
377 4085 458 4151 Soet.)
476 4087 638 4140 mentionem
651 4086 760 4138 iaciunt.
778 4083 852 4137 Inter
865 4085 1026 4137 recentiores
1037 4084 1070 4136 de
1084 4083 1219 4137 Ciceronis
1234 4085 1273 4138 la-

155 4177 233 4232 cetiis
251 4178 375 4230 accurate
391 4179 525 4244 egerunt:

195 4263 241 4318 Dr.
259 4263 349 4318 tumn
368 4262 478 4318 Haaolre
498 4261 553 4317 »De
574 4261 709 4317 Ciceronis
727 4263 755 4316 in
769 4262 932 4316 orationibus
944 4260 1065 4316 lucetiis''
1083 4262 1153 4315 1889
1172 4262 1272 4332 (progr.

155 4369 247 4424 gymn.
258 4351 352 4422 Burg.)
372 4355 399 4407 et
415 4351 462 4406 Dr.
481 4350 616 4406 Christian
634 4349 744 4421 Herwig
764 4349 989 4420 »DasWortspiel
1009 4352 1037 4404 in
1056 4348 1162 4405 Ciceros
1180 4349 1273 4406 lteden

155 4441 405 4510 lausdunense.
424 4457 515 4512 εγω.
534 4436 703 4510 Attendorn.)
