<?xml version="1.0" encoding="UTF-8"?>
<!DOCTYPE html PUBLIC "-//W3C//DTD XHTML 1.0 Transitional//EN"
    "http://www.w3.org/TR/xhtml1/DTD/xhtml1-transitional.dtd">
<html xmlns="http://www.w3.org/1999/xhtml" xml:lang="en" lang="en">
 <head>
  <title>
</title>
<meta http-equiv="Content-Type" content="text/html;charset=utf-8" />
  <meta name='ocr-system' content='tesseract 3.04.00' />
  <meta name='ocr-capabilities' content='ocr_page ocr_carea ocr_par ocr_line ocrx_word'/>
</head>
<body>
  <div class='ocr_page' id='page_1' title='image "./demtulliicicero00vessgoog_0041.png"; bbox 0 0 3406 5496; ppageno 0'>
   <div class='ocr_carea' id='block_1_1' title="bbox 972 1863 1022 1936">
    <p class='ocr_par' dir='ltr' id='par_1_1' title="bbox 972 1863 1022 1936">
     <span class='ocr_line' id='line_1_1' title="bbox 972 1863 1022 1936; baseline 0.04 -2"><span class='ocrx_word' id='word_1_1' title='bbox 972 1863 1022 1936; x_wconf 94' lang='grc' dir='ltr'>ΙΙ.</span> 
     </span>
    </p>
   </div>
   <div class='ocr_carea' id='block_1_2' title="bbox 446 2114 1558 2314">
    <p class='ocr_par' dir='ltr' id='par_1_2' title="bbox 446 2114 1558 2314">
     <span class='ocr_line' id='line_1_2' title="bbox 446 2114 1558 2205; baseline 0 -15"><span class='ocrx_word' id='word_1_2' title='bbox 446 2115 735 2205; x_wconf 81' lang='lat' dir='ltr'><strong>QUAERI&#39;PUR</strong></span> <span class='ocrx_word' id='word_1_3' title='bbox 749 2114 881 2201; x_wconf 74' lang='lat' dir='ltr'><strong>QUAE</strong></span> <span class='ocrx_word' id='word_1_4' title='bbox 896 2114 969 2188; x_wconf 80' lang='lat' dir='ltr'>SIT</span> <span class='ocrx_word' id='word_1_5' title='bbox 982 2114 1194 2188; x_wconf 83' lang='lat' dir='ltr'><strong>PROPRIA</strong></span> <span class='ocrx_word' id='word_1_6' title='bbox 1209 2115 1268 2187; x_wconf 83' lang='grc' dir='ltr'>ΕΤ</span> <span class='ocrx_word' id='word_1_7' title='bbox 1277 2117 1558 2192; x_wconf 78' lang='lat' dir='ltr'><strong>PRAECIPUA</strong></span> 
     </span>
     <span class='ocr_line' id='line_1_3' title="bbox 633 2237 1379 2314; baseline 0.001 -1"><span class='ocrx_word' id='word_1_8' title='bbox 633 2237 882 2313; x_wconf 81' lang='lat' dir='ltr'><strong>DOCTRINA</strong></span> <span class='ocrx_word' id='word_1_9' title='bbox 907 2238 1084 2311; x_wconf 87' lang='lat' dir='ltr'>HORUM</span> <span class='ocrx_word' id='word_1_10' title='bbox 1111 2239 1379 2314; x_wconf 81' lang='lat' dir='ltr'><strong>LIBRORUM.</strong></span> 
     </span>
    </p>
   </div>
   <div class='ocr_carea' id='block_1_3' title="bbox 445 2711 1562 3920">
    <p class='ocr_par' dir='ltr' id='par_1_3' title="bbox 445 2711 1562 3920">
     <span class='ocr_line' id='line_1_4' title="bbox 491 2711 1560 2799; baseline -0.002 -17"><span class='ocrx_word' id='word_1_11' title='bbox 491 2716 669 2799; x_wconf 84' lang='lat' dir='ltr'>Postquam</span> <span class='ocrx_word' id='word_1_12' title='bbox 690 2712 873 2791; x_wconf 73' lang='lat' dir='ltr'>statuimur,</span> <span class='ocrx_word' id='word_1_13' title='bbox 891 2735 971 2796; x_wconf 82' lang='lat' dir='ltr'>quae</span> <span class='ocrx_word' id='word_1_14' title='bbox 983 2734 1096 2776; x_wconf 88' lang='lat' dir='ltr'>causae</span> <span class='ocrx_word' id='word_1_15' title='bbox 1108 2711 1292 2777; x_wconf 81' lang='lat' dir='ltr'>Ciceronem</span> <span class='ocrx_word' id='word_1_16' title='bbox 1308 2711 1560 2780; x_wconf 85' lang='lat' dir='ltr'>adscribendum</span> 
     </span>
     <span class='ocr_line' id='line_1_5' title="bbox 446 2833 1562 2925; baseline -0.003 -20"><span class='ocrx_word' id='word_1_17' title='bbox 446 2838 653 2925; x_wconf 74' lang='lat' dir='ltr'>impulerint,</span> <span class='ocrx_word' id='word_1_18' title='bbox 676 2841 709 2903; x_wconf 91' lang='lat' dir='ltr'>et</span> <span class='ocrx_word' id='word_1_19' title='bbox 733 2859 868 2921; x_wconf 91' lang='lat' dir='ltr'>quorum</span> <span class='ocrx_word' id='word_1_20' title='bbox 896 2833 1073 2915; x_wconf 84' lang='lat' dir='ltr'>commodis¹</span> <span class='ocrx_word' id='word_1_21' title='bbox 1093 2835 1230 2900; x_wconf 82' lang='lat' dir='ltr'>maxime</span> <span class='ocrx_word' id='word_1_22' title='bbox 1258 2837 1377 2902; x_wconf 87' lang='lat' dir='ltr'>servire</span> <span class='ocrx_word' id='word_1_23' title='bbox 1401 2839 1562 2917; x_wconf 87' lang='lat' dir='ltr'>voluerit,</span> 
     </span>
     <span class='ocr_line' id='line_1_6' title="bbox 445 2959 1561 3046; baseline -0.003 -17"><span class='ocrx_word' id='word_1_24' title='bbox 445 2985 551 3042; x_wconf 88' lang='lat' dir='ltr'>nemo,</span> <span class='ocrx_word' id='word_1_25' title='bbox 576 2963 626 3028; x_wconf 87' lang='lat' dir='ltr'>oui</span> <span class='ocrx_word' id='word_1_26' title='bbox 650 2984 733 3046; x_wconf 86' lang='lat' dir='ltr'>quae</span> <span class='ocrx_word' id='word_1_27' title='bbox 756 2962 849 3025; x_wconf 92' lang='lat' dir='ltr'>modo</span> <span class='ocrx_word' id='word_1_28' title='bbox 872 2959 1037 3043; x_wconf 83' lang='lat' dir='ltr'>disputate</span> <span class='ocrx_word' id='word_1_29' title='bbox 1059 2961 1135 3022; x_wconf 86' lang='lat' dir='ltr'>sunt</span> <span class='ocrx_word' id='word_1_30' title='bbox 1156 2959 1235 3022; x_wconf 84' lang='lat' dir='ltr'>satis</span> <span class='ocrx_word' id='word_1_31' title='bbox 1250 2959 1436 3042; x_wconf 82' lang='lat' dir='ltr'>probentur,</span> <span class='ocrx_word' id='word_1_32' title='bbox 1452 2962 1561 3026; x_wconf 78' lang='lat' dir='ltr'>mirari</span> 
     </span>
     <span class='ocr_line' id='line_1_7' title="bbox 446 3082 1561 3174; baseline -0.004 -21"><span class='ocrx_word' id='word_1_33' title='bbox 446 3088 578 3174; x_wconf 88' lang='lat' dir='ltr'>poterit,</span> <span class='ocrx_word' id='word_1_34' title='bbox 601 3087 760 3152; x_wconf 82' lang='lat' dir='ltr'>oratorios</span> <span class='ocrx_word' id='word_1_35' title='bbox 784 3085 880 3150; x_wconf 88' lang='lat' dir='ltr'>hosce</span> <span class='ocrx_word' id='word_1_36' title='bbox 902 3083 1002 3147; x_wconf 89' lang='lat' dir='ltr'>libros</span> <span class='ocrx_word' id='word_1_37' title='bbox 1023 3082 1119 3167; x_wconf 87' lang='lat' dir='ltr'>longe</span> <span class='ocrx_word' id='word_1_38' title='bbox 1142 3083 1315 3149; x_wconf 80' lang='lat' dir='ltr'>abhorrere</span> <span class='ocrx_word' id='word_1_39' title='bbox 1338 3085 1378 3148; x_wconf 87' lang='lat' dir='ltr'>ab</span> <span class='ocrx_word' id='word_1_40' title='bbox 1401 3085 1483 3164; x_wconf 83' lang='lat' dir='ltr'>aliis,</span> <span class='ocrx_word' id='word_1_41' title='bbox 1506 3086 1561 3170; x_wconf 92' lang='lat' dir='ltr'>qui</span> 
     </span>
     <span class='ocr_line' id='line_1_8' title="bbox 446 3206 1562 3294; baseline -0.005 -14"><span class='ocrx_word' id='word_1_42' title='bbox 446 3218 522 3280; x_wconf 79' lang='lat' dir='ltr'>unte</span> <span class='ocrx_word' id='word_1_43' title='bbox 542 3213 623 3278; x_wconf 91' lang='lat' dir='ltr'>illud</span> <span class='ocrx_word' id='word_1_44' title='bbox 647 3215 774 3294; x_wconf 88' lang='lat' dir='ltr'>tempus</span> <span class='ocrx_word' id='word_1_45' title='bbox 805 3232 876 3274; x_wconf 90' lang='lat' dir='ltr'>cum</span> <span class='ocrx_word' id='word_1_46' title='bbox 907 3207 1041 3292; x_wconf 83' lang='lat' dir='ltr'>abipso</span> <span class='ocrx_word' id='word_1_47' title='bbox 1070 3206 1222 3272; x_wconf 76' lang='lat' dir='ltr'>Cicerone</span> <span class='ocrx_word' id='word_1_48' title='bbox 1245 3213 1313 3273; x_wconf 90' lang='lat' dir='ltr'>turn</span> <span class='ocrx_word' id='word_1_49' title='bbox 1337 3209 1378 3272; x_wconf 85' lang='lat' dir='ltr'>ab</span> <span class='ocrx_word' id='word_1_50' title='bbox 1400 3209 1471 3274; x_wconf 85' lang='lat' dir='ltr'>eliis</span> <span class='ocrx_word' id='word_1_51' title='bbox 1495 3210 1562 3274; x_wconf 89' lang='lat' dir='ltr'>Ro-</span> 
     </span>
     <span class='ocr_line' id='line_1_9' title="bbox 446 3330 1562 3417; baseline -0.005 -14"><span class='ocrx_word' id='word_1_52' title='bbox 446 3338 549 3403; x_wconf 80' lang='lat' dir='ltr'>manis</span> <span class='ocrx_word' id='word_1_53' title='bbox 572 3337 610 3400; x_wconf 91' lang='lat' dir='ltr'>de</span> <span class='ocrx_word' id='word_1_54' title='bbox 630 3335 753 3400; x_wconf 87' lang='lat' dir='ltr'>dicendi</span> <span class='ocrx_word' id='word_1_55' title='bbox 772 3338 843 3398; x_wconf 81' lang='lat' dir='ltr'>orte</span> <span class='ocrx_word' id='word_1_56' title='bbox 865 3330 976 3414; x_wconf 87' lang='lat' dir='ltr'>scripti</span> <span class='ocrx_word' id='word_1_57' title='bbox 999 3334 1100 3394; x_wconf 86' lang='lat' dir='ltr'>erant.</span> <span class='ocrx_word' id='word_1_58' title='bbox 1126 3330 1163 3394; x_wconf 93' lang='lat' dir='ltr'>ld</span> <span class='ocrx_word' id='word_1_59' title='bbox 1184 3333 1268 3416; x_wconf 91' lang='lat' dir='ltr'>quod</span> <span class='ocrx_word' id='word_1_60' title='bbox 1282 3332 1332 3396; x_wconf 92' lang='lat' dir='ltr'>vel</span> <span class='ocrx_word' id='word_1_61' title='bbox 1353 3333 1471 3416; x_wconf 82' lang='lat' dir='ltr'>raptim</span> <span class='ocrx_word' id='word_1_62' title='bbox 1488 3356 1562 3417; x_wconf 84' lang='lat' dir='ltr'>per·-</span> 
     </span>
     <span class='ocr_line' id='line_1_10' title="bbox 446 3453 1562 3541; baseline -0.004 -16"><span class='ocrx_word' id='word_1_63' title='bbox 446 3459 588 3526; x_wconf 88' lang='lat' dir='ltr'>currenti</span> <span class='ocrx_word' id='word_1_64' title='bbox 605 3459 714 3524; x_wconf 86' lang='lat' dir='ltr'>statim</span> <span class='ocrx_word' id='word_1_65' title='bbox 727 3456 903 3541; x_wconf 84' lang='lat' dir='ltr'>apparebit.</span> <span class='ocrx_word' id='word_1_66' title='bbox 921 3453 1016 3532; x_wconf 86' lang='lat' dir='ltr'>Nam,</span> <span class='ocrx_word' id='word_1_67' title='bbox 1036 3454 1103 3518; x_wconf 87' lang='lat' dir='ltr'>sive</span> <span class='ocrx_word' id='word_1_68' title='bbox 1116 3459 1277 3520; x_wconf 88' lang='lat' dir='ltr'>auctorem</span> <span class='ocrx_word' id='word_1_69' title='bbox 1296 3457 1335 3520; x_wconf 87' lang='lat' dir='ltr'>ad</span> <span class='ocrx_word' id='word_1_70' title='bbox 1353 3456 1562 3535; x_wconf 88' lang='lat' dir='ltr'>Herennium,</span> 
     </span>
     <span class='ocr_line' id='line_1_11' title="bbox 446 3579 1562 3663; baseline -0.004 -13"><span class='ocrx_word' id='word_1_71' title='bbox 446 3585 513 3650; x_wconf 88' lang='lat' dir='ltr'>sive</span> <span class='ocrx_word' id='word_1_72' title='bbox 536 3583 635 3648; x_wconf 91' lang='lat' dir='ltr'>libros</span> <span class='ocrx_word' id='word_1_73' title='bbox 648 3583 686 3646; x_wconf 90' lang='lat' dir='ltr'>de</span> <span class='ocrx_word' id='word_1_74' title='bbox 706 3580 894 3645; x_wconf 79' lang='lat' dir='ltr'>Inventione</span> <span class='ocrx_word' id='word_1_75' title='bbox 909 3579 1106 3663; x_wconf 75' lang='lat' dir='ltr'>inspicimuS,</span> <span class='ocrx_word' id='word_1_76' title='bbox 1122 3579 1204 3643; x_wconf 90' lang='lat' dir='ltr'>nihil</span> <span class='ocrx_word' id='word_1_77' title='bbox 1216 3581 1308 3645; x_wconf 90' lang='lat' dir='ltr'>uobis</span> <span class='ocrx_word' id='word_1_78' title='bbox 1324 3582 1477 3646; x_wconf 85' lang='lat' dir='ltr'>exhibent</span> <span class='ocrx_word' id='word_1_79' title='bbox 1500 3583 1562 3646; x_wconf 87' lang='lat' dir='ltr'>nisi</span> 
     </span>
     <span class='ocr_line' id='line_1_12' title="bbox 449 3703 1562 3790; baseline -0.004 -17"><span class='ocrx_word' id='word_1_80' title='bbox 449 3707 562 3773; x_wconf 87' lang='lat' dir='ltr'>seriem</span> <span class='ocrx_word' id='word_1_81' title='bbox 587 3705 746 3790; x_wconf 83' lang='lat' dir='ltr'>quandum</span> <span class='ocrx_word' id='word_1_82' title='bbox 769 3708 1025 3789; x_wconf 82' lang='lat' dir='ltr'>praeceptorum,</span> <span class='ocrx_word' id='word_1_83' title='bbox 1048 3704 1164 3788; x_wconf 90' lang='lat' dir='ltr'>quibus</span> <span class='ocrx_word' id='word_1_84' title='bbox 1186 3703 1271 3766; x_wconf 82' lang='lat' dir='ltr'>varia</span> <span class='ocrx_word' id='word_1_85' title='bbox 1290 3703 1412 3768; x_wconf 89' lang='lat' dir='ltr'>dicendi</span> <span class='ocrx_word' id='word_1_86' title='bbox 1433 3726 1562 3790; x_wconf 83' lang='lat' dir='ltr'>genera,</span> 
     </span>
     <span class='ocr_line' id='line_1_13' title="bbox 447 3827 1561 3920; baseline -0.003 -24"><span class='ocrx_word' id='word_1_87' title='bbox 447 3831 621 3896; x_wconf 87' lang='lat' dir='ltr'>divisiones</span> <span class='ocrx_word' id='word_1_88' title='bbox 644 3851 822 3906; x_wconf 82' lang='lat' dir='ltr'>causarum,</span> <span class='ocrx_word' id='word_1_89' title='bbox 846 3828 1135 3905; x_wconf 86' lang='lat' dir='ltr'>officiaoratorum,</span> <span class='ocrx_word' id='word_1_90' title='bbox 1159 3827 1311 3892; x_wconf 83' lang='lat' dir='ltr'>orationis</span> <span class='ocrx_word' id='word_1_91' title='bbox 1334 3833 1441 3910; x_wconf 85' lang='lat' dir='ltr'>partes</span> <span class='ocrx_word' id='word_1_92' title='bbox 1453 3828 1561 3920; x_wconf 88' lang='lat' dir='ltr'>ordine</span> 
     </span>
    </p>
   </div>
   <div class='ocr_carea' id='block_1_4' title="bbox 362 3950 1561 4044">
    <p class='ocr_par' dir='ltr' id='par_1_4' title="bbox 362 3950 1561 4044">
     <span class='ocr_line' id='line_1_14' title="bbox 362 3950 1561 4044; baseline -0.007 -21"><span class='ocrx_word' id='word_1_93' title='bbox 362 4035 366 4044; x_wconf 27' lang='lat'>⁸</span> <span class='ocrx_word' id='word_1_94' title='bbox 448 3957 698 4040; x_wconf 83' lang='lat' dir='ltr'>pertractantur.</span> <span class='ocrx_word' id='word_1_95' title='bbox 723 3952 859 4038; x_wconf 80' lang='lat' dir='ltr'>Singula</span> <span class='ocrx_word' id='word_1_96' title='bbox 881 3955 1051 4035; x_wconf 84' lang='lat' dir='ltr'>praecepta</span> <span class='ocrx_word' id='word_1_97' title='bbox 1067 3951 1238 4037; x_wconf 84' lang='lat' dir='ltr'>diligenter</span> <span class='ocrx_word' id='word_1_98' title='bbox 1250 3950 1449 4033; x_wconf 84' lang='lat' dir='ltr'>explicantur</span> <span class='ocrx_word' id='word_1_99' title='bbox 1465 3955 1561 4037; x_wconf 81' lang='lat' dir='ltr'>atque</span> 
     </span>
    </p>
   </div>
   <div class='ocr_carea' id='block_1_5' title="bbox 446 4073 1561 4538">
    <p class='ocr_par' dir='ltr' id='par_1_5' title="bbox 446 4073 1561 4538">
     <span class='ocr_line' id='line_1_15' title="bbox 446 4073 1561 4160; baseline -0.004 -16"><span class='ocrx_word' id='word_1_100' title='bbox 446 4077 627 4144; x_wconf 80' lang='lat' dir='ltr'>lectissimis</span> <span class='ocrx_word' id='word_1_101' title='bbox 648 4076 854 4141; x_wconf 88' lang='lat' dir='ltr'>illustrantur</span> <span class='ocrx_word' id='word_1_102' title='bbox 877 4073 1047 4160; x_wconf 85' lang='lat' dir='ltr'>exemplis;</span> <span class='ocrx_word' id='word_1_103' title='bbox 1071 4075 1125 4140; x_wconf 90' lang='lat' dir='ltr'>sed</span> <span class='ocrx_word' id='word_1_104' title='bbox 1148 4096 1257 4139; x_wconf 84' lang='lat' dir='ltr'>omnes</span> <span class='ocrx_word' id='word_1_105' title='bbox 1280 4073 1330 4138; x_wconf 90' lang='lat' dir='ltr'>illi</span> <span class='ocrx_word' id='word_1_106' title='bbox 1352 4073 1437 4152; x_wconf 92' lang='lat' dir='ltr'>libri,</span> <span class='ocrx_word' id='word_1_107' title='bbox 1461 4075 1561 4140; x_wconf 88' lang='lat' dir='ltr'>subti—</span> 
     </span>
     <span class='ocr_line' id='line_1_16' title="bbox 446 4197 1560 4285; baseline -0.003 -18"><span class='ocrx_word' id='word_1_108' title='bbox 446 4203 581 4267; x_wconf 88' lang='lat' dir='ltr'>lioribus</span> <span class='ocrx_word' id='word_1_109' title='bbox 604 4201 794 4285; x_wconf 86' lang='lat' dir='ltr'>quibusdam</span> <span class='ocrx_word' id='word_1_110' title='bbox 818 4197 1025 4264; x_wconf 86' lang='lat' dir='ltr'>divisionibus</span> <span class='ocrx_word' id='word_1_111' title='bbox 1048 4199 1131 4263; x_wconf 91' lang='lat' dir='ltr'>forte</span> <span class='ocrx_word' id='word_1_112' title='bbox 1155 4199 1309 4282; x_wconf 83' lang='lat' dir='ltr'>exceptis,</span> <span class='ocrx_word' id='word_1_113' title='bbox 1332 4221 1397 4264; x_wconf 90' lang='lat' dir='ltr'>nou</span> <span class='ocrx_word' id='word_1_114' title='bbox 1420 4198 1505 4263; x_wconf 91' lang='lat' dir='ltr'>inter</span> <span class='ocrx_word' id='word_1_115' title='bbox 1527 4221 1560 4264; x_wconf 92' lang='lat' dir='ltr'>se</span> 
     </span>
     <span class='ocr_line' id='line_1_17' title="bbox 446 4322 1559 4410; baseline -0.004 -18"><span class='ocrx_word' id='word_1_116' title='bbox 446 4326 550 4404; x_wconf 94' lang='lat' dir='ltr'>modo,</span> <span class='ocrx_word' id='word_1_117' title='bbox 570 4324 629 4404; x_wconf 58' lang='lat' dir='ltr'>‚sed</span> <span class='ocrx_word' id='word_1_118' title='bbox 652 4323 750 4390; x_wconf 86' lang='lat' dir='ltr'>etium</span> <span class='ocrx_word' id='word_1_119' title='bbox 779 4345 851 4388; x_wconf 86' lang='lat' dir='ltr'>cum</span> <span class='ocrx_word' id='word_1_120' title='bbox 874 4343 1062 4410; x_wconf 84' lang='lat' dir='ltr'>graecorum</span> <span class='ocrx_word' id='word_1_121' title='bbox 1086 4323 1252 4387; x_wconf 91' lang='lat' dir='ltr'>rhetorum</span> <span class='ocrx_word' id='word_1_122' title='bbox 1275 4322 1313 4387; x_wconf 91' lang='lat' dir='ltr'>de</span> <span class='ocrx_word' id='word_1_123' title='bbox 1337 4345 1373 4387; x_wconf 85' lang='lat' dir='ltr'>en</span> <span class='ocrx_word' id='word_1_124' title='bbox 1397 4345 1430 4388; x_wconf 88' lang='lat' dir='ltr'>re</span> <span class='ocrx_word' id='word_1_125' title='bbox 1455 4323 1559 4402; x_wconf 88' lang='lat' dir='ltr'>libris,</span> 
     </span>
     <span class='ocr_line' id='line_1_18' title="bbox 446 4445 1560 4538; baseline 0 -19"><span class='ocrx_word' id='word_1_126' title='bbox 446 4449 578 4520; x_wconf 87' lang='lat' dir='ltr'>mirifice</span> <span class='ocrx_word' id='word_1_127' title='bbox 602 4451 795 4538; x_wconf 85' lang='lat' dir='ltr'>congruunt.</span> <span class='ocrx_word' id='word_1_128' title='bbox 826 4445 872 4514; x_wconf 87' lang='lat' dir='ltr'>At</span> <span class='ocrx_word' id='word_1_129' title='bbox 895 4467 970 4513; x_wconf 89' lang='lat' dir='ltr'>vero</span> <span class='ocrx_word' id='word_1_130' title='bbox 994 4446 1028 4512; x_wconf 90' lang='lat' dir='ltr'>in</span> <span class='ocrx_word' id='word_1_131' title='bbox 1052 4447 1289 4537; x_wconf 76' lang='lat' dir='ltr'>»disputatione</span> <span class='ocrx_word' id='word_1_132' title='bbox 1310 4469 1347 4516; x_wconf 84' lang='lat' dir='ltr'>ec</span> <span class='ocrx_word' id='word_1_133' title='bbox 1369 4447 1498 4538; x_wconf 83' lang='lat' dir='ltr'>dialogo</span> <span class='ocrx_word' id='word_1_134' title='bbox 1521 4448 1560 4519; x_wconf 83' lang='lat' dir='ltr'>do</span> 
     </span>
    </p>
   </div>
   <div class='ocr_carea' id='block_1_6' title="bbox 0 0 1708 5493">
    <p class='ocr_par' dir='ltr' id='par_1_6' title="bbox 0 0 1708 5493">
     <span class='ocr_line' id='line_1_19' title="bbox 0 0 1708 5493; baseline 0 0"><span class='ocrx_word' id='word_1_135' title='bbox 0 0 1708 5493; x_wconf 95' lang='lat' dir='ltr'> </span> 
     </span>
    </p>
   </div>
  </div>
 </body>
</html>
