3406 5496
688 671 731 740 33

192 886 267 951 Jam
289 909 308 950 a
331 885 487 953 librorum
509 887 664 955 divisione
687 888 884 955 inchodmus.
916 887 1005 974 Opus
1038 911 1151 968 omne,
1182 889 1265 955 sicut

141 1009 279 1088 fabula,
321 1011 440 1076 »trium
472 1012 644 1091 actunm’',
678 1017 715 1078 ut
749 1014 942 1098 loquuntur,
977 1012 1114 1079 divisum
1148 1017 1197 1079 est
1231 1014 1265 1079 in

149 1155 312 1199 sermones
335 1139 417 1213 tres,
448 1134 566 1220 quibus
594 1135 729 1223 singulis
757 1135 886 1217 Cicero,
916 1158 1015 1221 quum
1038 1135 1174 1226 dialogis
1197 1137 1265 1222 ipse

149 1280 213 1322 non
237 1259 386 1336 intersit,
414 1259 507 1343 quasi
535 1259 713 1345 πρόσωπον
741 1282 839 1348 egens
869 1260 1066 1348 προτατικόν
1094 1259 1266 1348 prologum

148 1382 337 1466 praemittit.
363 1381 479 1447 Lucius
492 1404 567 1446 vero
592 1383 733 1448 Licinius
753 1382 885 1449 Crassus
909 1389 941 1451 et
960 1385 1088 1451 Marcus
1106 1385 1266 1451 Antonius

149 1507 268 1590 primas
292 1511 399 1589 partes
421 1506 455 1570 in
478 1504 589 1570 fabula
612 1506 779 1585 sustinent,
794 1510 928 1591 uterque
943 1508 1118 1574 consularis
1143 1512 1176 1574 et
1193 1504 1290 1575 oen?

148 1631 262 1707 scrius,
287 1633 518 1714 atquesumma
534 1630 658 1695 dicendi
680 1631 776 1696 laude
798 1632 946 1715 vitaeque
958 1632 1118 1717 gravitate
1141 1633 1266 1716 conspi-

149 1775 246 1824 cuus:
270 1750 418 1836 aequales
447 1751 496 1817 illi
528 1752 656 1837 quidem
685 1753 770 1818 inter
792 1777 842 1832 se,
865 1754 1017 1820 Cicerone
1045 1758 1153 1820 autem
1176 1753 1266 1818 XXX

148 1879 250 1941 serme
274 1876 365 1940 annis
389 1876 534 1960 majores.
571 1874 733 1941 Secundae
757 1899 832 1942 vero
864 1881 971 1961 partes
1005 1878 1038 1942 in
1072 1879 1176 1962 primo
1200 1901 1267 1944 ser-

141 2015 244 2065 mone
273 2005 412 2086 agnntur
446 2023 465 2063 a
497 2000 533 2076 Q.
564 1999 670 2065 Mucio
702 1999 853 2066 Scaevola
888 2000 925 2076 Q.
961 2001 996 2066 F.
1027 2001 1184 2088 Augure,
1208 2004 1265 2087 qui

145 2125 217 2208 jam
240 2129 347 2188 aetate
376 2145 471 2214 senex
495 2128 543 2187 est
567 2127 663 2207 atque
687 2123 786 2206 ipsius
810 2122 916 2189 Crassi
940 2145 1038 2190 socer.
1062 2123 1155 2190 Illius
1181 2126 1267 2190 vices

148 2248 183 2311 in
212 2247 343 2330 reliquis
370 2247 637 2312 collocutionibus
664 2247 800 2312 subeunt
837 2270 916 2331 »par
946 2248 1054 2314 nobile
1089 2248 1265 2327 fratrum,’'

150 2374 187 2448 Q.
213 2371 361 2436 Lutatius
391 2369 525 2436 Catulus
549 2376 582 2435 et
609 2369 643 2436 C.
667 2370 773 2436 Julius
805 2371 922 2436 Caesar
949 2371 1065 2438 Strabo
1094 2371 1268 2457 Vopiscns3

142 2495 303 2560 'Publium
325 2494 433 2560 autem
463 2493 640 2578 Sulpicium
671 2495 792 2559 Rufum
821 2499 853 2560 et
884 2494 920 2561 C.
944 2495 1113 2562 Aurelium
1138 2495 1267 2562 Cottam

152 2621 376 2706 tritagonistas
410 2641 569 2684 essenon
597 2617 733 2684 absurde
763 2619 890 2684 dixeris.
926 2613 968 2685 ‘fl
994 2619 1056 2704 μὲν
1086 2609 1184 2708 σκηνὴ
1209 2625 1269 2685 τοῦ

152 2746 334 2833 δράματος,
368 2747 405 2807 ut
440 2741 575 2806 solemni
609 2741 856 2807 scholiastarum
893 2764 1037 2808 sermone
1075 2742 1266 2826 loquamur,

155 2864 328 2936 ὖπόκειται
349 2867 384 2931 in
406 2864 512 2931 Crassi
539 2865 729 2930 Tusculano.
771 2865 955 2952 Finguutur
978 2870 1085 2932 autem
1107 2889 1268 2934 sermones

150 2991 263 3057 haberi
288 2990 439 3074 Philippo
461 2987 591 3053 consule
614 2992 652 3086 et
669 2988 705 3052 L.
730 2988 864 3055 Caesare
887 2990 909 3054 i.
937 3012 964 3056 e.
989 3013 1074 3057 anno
1098 2991 1139 3056 91
1165 3013 1193 3058 a.
1220 2991 1268 3074 C.,

99 3104 103 3112 ’
151 3121 295 3200 tempore
317 3114 468 3179 feriarum
492 3111 691 3177 Latinarum.
709 3151 748 3162 -
773 3112 852 3177 Jrun¹
870 3113 903 3177 in
923 3113 1071 3202 prolege,
1094 3138 1226 3182 exorsus
1249 3140 1268 3182 a

150 3237 452 3306 commemoratione
475 3239 656 3321 temporum
679 3258 808 3301 suorum
837 3236 1080 3318 turbulentiam,
1093 3260 1176 3322 qnae
1198 3241 1269 3327 ipsa

151 3388 210 3430 sua
232 3363 402 3429 atrocitate
420 3360 522 3426 otium
546 3362 586 3425 ad
609 3362 810 3428 scribendum
824 3362 969 3441 offerant,
982 3385 1057 3426 mox
1076 3383 1143 3428 sese
1156 3361 1266 3430 Cicero

151 3489 191 3554 ad
215 3489 349 3553 fratrem
372 3485 540 3563 convertit,
562 3485 653 3569 cujus
675 3485 782 3573 gratia
805 3506 999 3569 sepraesens
1015 3508 1094 3570 opus
1109 3487 1267 3572 suscipere

149 3611 332 3696 profitetur.
357 3608 445 3674 Duas
468 3609 541 3674 dein
558 3608 656 3673 refert
680 3609 846 3673 denatura
860 3607 1061 3693 eloquentiae
1077 3612 1265 3677 sententias:

151 3755 259 3811 unam,
272 3753 354 3814 quae
366 3733 428 3816 ipsi
451 3721 622 3816 probatur:
647 3732 864 3818 eloquentiam
885 3733 971 3799 inter
987 3738 1073 3800 artes
1095 3757 1268 3801 numeran-

151 3857 224 3921 dam
248 3877 338 3934 esse3
362 3856 487 3934 altera,
511 3878 591 3939 quae
615 3857 733 3934 Quinto
757 3857 923 3935 tribuitur,
947 3879 984 3922 ea
1006 3864 1069 3924 est:
1094 3863 1196 3924 totam
1219 3860 1267 3924 di·

151 3981 243 4048 cendi
266 3980 426 4046 rationem
460 3981 494 4045 in
529 3981 665 4065 quodam
689 3981 811 4067 ingenii
833 3985 930 4066 atque
952 3983 1189 4048 exercitationis
1211 4007 1268 4072 ge-

150 4127 228 4171 nere
250 4113 318 4170 esse
337 4105 486 4191 positam.
519 4103 595 4170 Mox
625 4106 755 4194 egregio
779 4105 916 4191 quodam
944 4105 1098 4184 artificio,
1122 4111 1155 4172 et
1177 4129 1268 4173 suam

151 4230 265 4296 suadet
290 4231 492 4308 sententiam,
515 4230 776 4314 eteloqnentiam
800 4227 982 4294 extollendo
1006 4231 1268 4313 atqueornando,

150 4353 309 4420 lectorum
333 4353 456 4419 animos
480 4353 542 4418 sibi
566 4351 730 4418 conciliat:
761 4374 798 4417 ex
826 4353 989 4436 paucitate
1018 4357 1182 4420 oratorum
1213 4377 1269 4420 ex·

149 4479 349 4559 callentium,
365 4500 438 4545 cum
457 4482 566 4546 tomen
587 4497 691 4563 neque
711 4497 834 4556 causae,
845 4496 949 4564 neque
965 4477 1057 4564 copia
1069 4477 1268 4559 discentium,

1180 4588 1198 4646 3
