3432 5498
1002 635 1046 720 tt

464 865 678 959 Consequitur
701 865 786 958 apud
809 873 982 973 utrumque
1006 868 1151 936 definitio
1174 863 1272 950 illius,
1301 862 1340 936 de
1366 889 1430 955 qun
1454 863 1576 958 agitur:

463 997 611 1066 Socrates
635 1018 775 1062 amorem
798 995 932 1073 definit,
960 994 1123 1060 Antonius
1144 1017 1219 1061 vero
1242 995 1458 1061 ›oratorem'’.

508 1121 589 1187 Cum
623 1126 731 1186 autem
765 1141 804 1184 ex
842 1119 904 1196 iis,
938 1141 1021 1203 quas
1053 1123 1130 1184 suut
1152 1120 1191 1185 de
1213 1141 1321 1184 amore
1336 1119 1509 1196 sensibili,
1538 1159 1578 1168 —

463 1266 522 1330 pro
550 1243 732 1330 argumenti
758 1242 945 1306 diversitate
973 1243 1015 1292 -'-
1039 1262 1104 1308 nun
1130 1241 1224 1308 focile
1251 1241 1378 1308 Tullius
1412 1244 1579 1329 quiequam

463 1368 608 1454 potuerit
629 1388 802 1444 assumere,
819 1365 889 1451 janu
911 1365 951 1430 ad
973 1386 1152 1430 sermonem
1174 1347 1317 1446 bertinus,
1340 1368 1396 1451 qui
1419 1371 1469 1433 est
1481 1369 1517 1433 de
1528 1391 1579 1433 sa·

463 1493 583 1579 pientia
595 1513 714 1568 amore,
732 1489 869 1556 trsnsire
881 1489 966 1555 licet.
990 1488 1051 1566 Qui
1066 1489 1242 1556 sinedubio
1254 1493 1321 1575 ejus
1339 1494 1440 1559 menti
1455 1499 1582 1578 praesto

464 1621 533 1683 erat
555 1639 628 1682 cum
650 1615 852 1701 eloquentiae
874 1613 1025 1679 studiosis
1047 1618 1122 1680 aute
1145 1615 1252 1680 omnia
1265 1617 1426 1683 »studium
1443 1622 1475 1682 et
1486 1619 1582 1684 ardo-

465 1764 532 1806 rem
555 1739 724 1826 quemdam
748 1738 886 1804 amoris²’
908 1737 1133 1803 assumendum
1156 1737 1284 1814 diceret.
1319 1741 1402 1817 Quid
1425 1745 1475 1806 est
1493 1743 1582 1819 ,enim

463 1865 545 1930 illud
568 1863 631 1929 nisi
653 1863 710 1928 illa
733 1857 868 1949 ἐρωτικὴ
890 1868 992 1947 μανία
1015 1884 1098 1947 quae
1121 1884 1159 1926 cx
1183 1863 1328 1928 Platonis
1351 1866 1509 1930 sententia
1532 1870 1583 1930 est

465 1988 569 2054 omnis
592 1985 768 2072 sapientiae
790 1985 1006 2072 principium?
1027 1986 1053 2072 ¹)

510 2111 555 2175 Et
588 2133 661 2176 cum
697 2111 775 2176 haec
809 2110 982 2176 scriberet:
1020 2133 1134 2196 »saepe
1167 2087 1275 2177 audiri
1301 2117 1430 2196 poetam
1463 2114 1583 2180 bonum

465 2234 625 2299 neminem
644 2233 690 2318 (id
714 2235 800 2319 quod
823 2257 842 2299 a
859 2234 1042 2301 Democrito
1054 2239 1088 2300 et
1101 2234 1234 2300 Platone
1249 2235 1283 2300 in
1294 2237 1422 2322 scriptis
1434 2237 1584 2304 relictum

465 2380 533 2424 csse
556 2357 678 2437 dicunt)
696 2359 765 2424 sine
787 2357 1040 2424 inflammatione
1056 2359 1246 2425 animorum*
1259 2361 1411 2428 exsistere
1434 2384 1529 2448 posse
1552 2367 1584 2428 et

466 2486 535 2550 sine
543 2483 680 2569 quodam
688 2483 802 2548 afflatu
810 2483 902 2568 quasi
910 2483 1061 2563 suroris”‚
1074 2483 1301 2549 recordabatur
1310 2491 1395 2551 certe
1404 2486 1503 2570 hujus
1512 2486 1585 2554 loci:

467 2603 500 2683 ός
523 2602 598 2675 δ’ἂν
616 2607 695 2675 ἄνευ
719 2613 838 2692 μανίας
861 2611 1006 2674 Μουσῶν
1028 2604 1087 2673 ἐπὶ
1105 2604 1276 2697 ποιητικὰς
1298 2609 1405 2698 θύρας
1427 2604 1585 2700 ἀφίκηται
1695 2615 1696 2654 i

466 2737 619 2806 πεισθείς
652 2725 700 2806 ὦς’
717 2727 768 2819 ἄρ’
793 2725 829 2798 ix
846 2738 959 2820 τέχνης
983 2724 1090 2806 ἱκανὸς
1113 2729 1251 2822 ποιητὴς
1277 2734 1445 2820 ἐσόμενος,
1469 2729 1585 2822 ἀτελὴς

465 2853 562 2932 αὐτός
573 2881 610 2924 τε
625 2851 717 2946 καὶὴ
736 2863 867 2947 ποίησις
890 2849 1021 2945 inercie
1042 2863 1108 2925 τῶν
1129 2866 1336 2945 μαινομένων
1359 2852 1451 2948 riseri
1462 2880 1584 2947 σωφρο

464 2988 599 3056 νόοντος
609 2976 788 3071 ἠφανίσθη.
802 2983 830 3067 ²)
842 3022 883 3031 -
897 2981 1010 3066 Neque
1022 2982 1119 3047 etiam
1131 2983 1210 3048 haec
1225 2983 1358 3049 fortuito
1370 2969 1583 3049 conueniunt:

467 3107 544 3199 ὄψις
563 3101 624 3194 γὰρ
634 3100 718 3195 ἡμῖν
731 3100 1008 3195 ὄξοτάνηνῶνδιά
1020 3106 1241 3192 τοῦσώματος
1253 3106 1384 3194 ἔρχεται
1398 3106 1585 3197 αἰσθήσεων

466 3237 514 3300 et:
530 3231 741 3296 »acerrimum
753 3234 860 3296 autem
872 3253 911 3295 ex
928 3230 1076 3296 omnibus
1089 3231 1207 3296 nostris
1219 3231 1365 3296 sensibus
1377 3255 1443 3297 esse
1456 3253 1583 3298 sensum

465 3355 624 3421 videndi.’'
641 3355 730 3420 Idem
753 3354 838 3420 enim
862 3355 984 3421 dietum
1006 3356 1070 3422 alio
1090 3356 1161 3421 loco
1173 3353 1299 3419 Tullius
1320 3355 1437 3420 diserte
1453 3355 1583 3421 Platoni

466 3480 583 3544 tribuit
605 3479 738 3544 auctori.
753 3478 781 3564 3)
806 3479 1100 3545 Animadvertimus
1116 3483 1292 3564 praeterea,
1308 3480 1393 3564 apud
1412 3484 1584 3565 utrumque

465 3695 494 3748 in
512 3695 681 3764 quaerendo,
699 3712 767 3765 quae
786 3696 830 3748 ria
848 3694 964 3764 quadam
983 3696 1009 3746 et
1029 3694 1131 3746 rationo
1149 3692 1280 3760 habetur,
1299 3694 1383 3746 oratio
1401 3693 1582 3768 praescribere

464 3786 580 3854 primum
595 3784 682 3851 debet,
701 3788 731 3836 ut
749 3784 909 3853 quibusdam
925 3785 952 3836 in
965 3783 1085 3836 formulis
1107 3798 1154 3834 nea
1172 3798 1215 3835 res
1233 3780 1354 3850 agetur''‚
1373 3786 1411 3848 ut,
1430 3783 1501 3835 inter
1520 3796 1583 3850 quos

464 3874 617 3939 disseritur,
641 3874 782 3926 conveniat
800 3873 864 3941 quid
889 3873 923 3924 sit
947 3872 988 3938 id,
1013 3871 1047 3924 de
1071 3887 1124 3940 quo
1151 3870 1305 3923 disseratur.
1331 3868 1387 3922 Hoc
1409 3874 1530 3936 positum
1555 3873 1580 3920 in

464 3964 586 4015 Phaedro
604 3980 622 4014 ο
639 3965 749 4014 Platone
766 3962 890 4030 probavit
912 3960 1042 4029 Epicurus
1067 3960 1203 4028 sensitque
1220 3960 1248 4012 in
1267 3959 1339 4011 omni
1357 3959 1539 4027 disputatione
1556 3956 1582 4008 id

465 4051 522 4104 fieri
540 4056 670 4120 oportere.
701 4049 754 4104 Sed
772 4051 844 4120 quod
862 4053 1013 4120 proximum
1032 4049 1083 4102 suit
1104 4066 1158 4102 nen
1182 4047 1258 4114 viriq
1286 4052 1367 4116 nogat
1386 4049 1457 4100 enim
1480 4045 1583 4102 definiri
1691 4097 1692 4121 ¹

464 4156 521 4192 rem
539 4141 655 4209 placere,
674 4140 731 4193 sine
749 4156 801 4208 quo
820 4141 878 4193 fleri
895 4139 1029 4193 interdum
1047 4155 1101 4190 non
1119 4141 1207 4207 potest
1225 4141 1255 4189 ut
1272 4137 1343 4190 inter
1360 4153 1415 4204 ecs,
1433 4137 1482 4205 qui
1500 4134 1579 4190 ambi·

464 4232 540 4295 gunt,
558 4229 707 4296 conveniat,
724 4228 789 4297 quid
807 4229 842 4281 sit
859 4228 887 4281 id
906 4229 941 4281 de
959 4244 1012 4296 qua
1030 4225 1154 4296 agatur.”

500 4314 528 4383 1)
546 4315 577 4371 P.
595 4319 648 4370 265
666 4316 697 4369 Β.
716 4346 750 4356 -
769 4317 809 4371 De
827 4315 872 4371 Or.
891 4314 990 4372 1.-134.

501 4403 528 4472 2)
545 4403 575 4457 P.
594 4408 647 4459 245
665 4404 698 4461 A.
717 4435 750 4443 —
769 4406 810 4460 De
827 4405 872 4460 Or.
890 4405 923 4460 11.
942 4407 1003 4459 194.

501 4491 529 4572 3)
547 4492 578 4552 Ρ.
595 4495 648 4550 250
664 4493 696 4552 D.
719 4494 808 4552 -Dc
827 4493 873 4552 Or.
890 4495 922 4552 11.
941 4497 994 4552 357
1011 4496 1050 4551 cf..
1063 4495 1096 4551 dc
1115 4492 1173 4550 Fin.
1192 4492 1224 4550 11.
1245 4496 1288 4552 52.
