3432 5498
677 587 720 658 97

142 801 274 872 Periclis
296 804 330 872 in
354 803 484 878 dicendo
507 803 728 873 excellentiam
752 788 964 892 Anaxagorae
986 804 1258 893 disputationibus

142 931 251 995 tribui.
275 931 302 1018 ¹)
326 932 369 996 Et
393 953 475 1015 qnae
498 931 642 1018 proxime
664 931 811 1015 sequitur
833 931 917 1014 apud
941 931 1108 996 Platonem
1132 933 1261 998 medici-

144 1076 216 1118 nam
247 1055 333 1119 inter
364 1058 396 1118 et
420 1054 634 1139 eloquentiam
658 1055 868 1138 comparatio:
896 1060 962 1120 ΣΩ.
995 1048 1038 1122 ‘0
1066 1051 1164 1130 αὐτός
1193 1080 1261 1123 που

143 1177 266 1263 τρόπος
284 1178 400 1266 τέχνης
419 1178 570 1266 ἰατρικῆς,
597 1175 700 1264 ὃσπερ
722 1177 777 1242 καλ
800 1173 975 1266 ῥητορικῆς.
1001 1185 1087 1245 ΦΑΙ.
1112 1184 1186 1253 Πῶς
1209 1180 1261 1267 σῆς
1305 1197 1309 1206 ’
1338 1219 1348 1235 ·

144 1305 208 1365 ΣΩ.
243 1295 296 1367 Ἐν
329 1296 532 1388 ἀμφοτέραις
567 1304 619 1366 δεῖ
649 1300 819 1366 διελέσθαι
841 1302 949 1386 φύσιν,
974 1304 1121 1387 σώματος
1143 1302 1205 1388 μὲν
1227 1299 1263 1370 ἒν

48 1451 50 1455 ·
144 1427 185 1510 τῇ
206 1423 321 1510 έιέρᾳ,
345 1428 452 1514 ψυχῆς
474 1419 503 1490 δ’
526 1421 561 1490 dv
583 1428 624 1512 τῇ
646 1423 751 1511 ἑτέρᾳ,
777 1422 809 1488 εἰ
829 1425 960 1508 μέλλεις
982 1421 1027 1514 μὴ
1050 1432 1143 1516 τριβῇ
1161 1426 1264 1511 μόνον

145 1548 198 1610 καὶ
228 1545 407 1635 ἐμπειρίᾳ,
438 1542 521 1614 ἀλλὰ
544 1548 663 1636 τέχνᾳ,
698 1552 743 1634 τῷ
772 1541 836 1631 μὲν
867 1550 1023 1636 φάρμακα
1056 1552 1112 1615 καὶ
1141 1554 1265 1637 τροφᾳν

147 1671 344 1757 προσφέρων
367 1664 491 1754 ὖγίειοιν
513 1672 568 1737 καὶ
593 1672 703 1760 ῥώμην
726 1669 935 1758 ἕμποιήσειν,
967 1677 1008 1760 τῇ
1032 1674 1067 1738 δὲ
1093 1673 1207 1756 λόγους
1228 1695 1265 1738 τε

147 1791 201 1858 καὶ
225 1791 448 1882 ἐπιτηδεύσεις
470 1801 629 1880 νομίμοις
652 1789 765 1861 πειθὼ
794 1793 833 1882 ἣν
862 1787 902 1860 ἂν
932 1796 1033 1884 βούλῃ
1053 1798 1118 1876 Ικαὶ
1142 1790 1262 1882 ἀρετὴν

148 1918 356 2004 παραδώσειν
370 1919 396 2003 2)
414 1957 448 1966 -
468 1940 539 1984 eam
562 1940 689 2003 quoque
712 1940 770 1984 suo
788 1919 882 1983 modo
901 1918 1046 1984 imitatus
1067 1925 1115 1984 est
1131 1919 1266 1984 Tullius.

151 2038 262 2105 »Sicut
283 2041 404 2106 medico
428 2041 584 2126 diligenti,
605 2043 724 2126 inquit,
743 2042 929 2127 priusquam
945 2047 1078 2107 conetur
1096 2065 1200 2129 aegro·
1212 2044 1269 2108 ad·

149 2163 259 2230 hibere
283 2166 482 2243 medicinam,
504 2187 568 2230 non
592 2164 695 2230 solum
719 2165 848 2230 morbus
871 2166 951 2249 ejus,
971 2167 1022 2230 cui
1037 2165 1155 2230 mederi
1171 2165 1268 2245 volet,

151 2288 204 2352 sed
237 2289 334 2354 etiam
361 2289 556 2354 consuetudo
587 2288 724 2353 valentis
752 2292 784 2353 et
818 2292 934 2354 natura
963 2289 1105 2372 corporis
1135 2310 1271 2374 cognos-

151 2413 265 2487 cenda3
290 2413 335 2476 sic
357 2412 503 2496 equidem
525 2435 596 2478 cnm
621 2412 792 2497 aggredior
813 2412 847 2477 in
870 2413 1002 2498 ancipiti
1018 2436 1113 2479 causa
1132 2419 1163 2479 et
1179 2415 1270 2499 gravi

153 2534 191 2598 ad
207 2534 330 2599 animos
350 2536 493 2618 judicum
517 2536 769 2619 pertractandos,
794 2537 881 2600 omni
905 2541 1010 2603 mente
1031 2538 1063 2601 in
1088 2560 1125 2602 ea
1148 2537 1271 2624 cogita-

143 2657 239 2722 tione
263 2679 401 2740 curaque
425 2681 550 2738 versor,
577 2665 614 2724 ut
644 2660 757 2725 odorer
781 2682 878 2744 quarn
903 2662 1106 2748 sagacissime
1129 2664 1269 2746 possim,

154 2781 229 2865 quid
251 2782 403 2861 sentiant,
426 2782 503 2866 quid
526 2784 723 2864 existiment,
749 2784 825 2868 quid
850 2788 1044 2868 exspectent,
1064 2786 1141 2869 quid
1160 2784 1271 2863 velint,

154 2926 217 2988 quo
241 2905 353 2970 deduci
381 2907 527 2976 oratione
552 2908 700 2974 facillime
723 2930 816 2994 posse
838 2907 1039 2976 videantur.''

198 3029 322 3094 Deinde
345 3031 421 3114 quia
443 3030 565 3096 viderat
591 3031 718 3097 Tullius
741 3032 774 3095 in
797 3033 860 3096 fine
884 3030 1022 3096 Phaedri
1044 3031 1132 3096 omni
1151 3029 1272 3096 oratori

158 3154 300 3217 veritatis
313 3158 345 3217 et
352 3154 501 3220 scientiae
510 3179 611 3242 gnaro
624 3158 716 3241 eique
727 3156 787 3221 soli
795 3153 978 3239 philosophi
985 3176 1101 3219 nomen
1109 3153 1219 3234 tribui,
1229 3193 1272 3204 -

24 3285 25 3290 ’
157 3275 281 3360 dequo
309 3275 378 3342 loco
413 3301 509 3362 supra
532 3279 700 3345 retulimus
735 3319 776 3329 -
808 3279 879 3343 ideo
902 3277 1044 3363 profecto
1080 3299 1117 3343 aa
1144 3278 1272 3362 scripsit

156 3421 237 3484 qnae
259 3400 383 3482 possint
407 3403 569 3488 ceteroqui
591 3402 832 3468 admirationem
850 3423 986 3467 morere.
1004 3401 1120 3466 >Nunc
1135 3403 1201 3468 sive
1218 3403 1274 3487 qui

157 3523 255 3602 volet,
272 3547 343 3588 eum
356 3525 595 3611 philosophum,
619 3528 674 3612 qui
686 3527 811 3612 copiam
830 3526 921 3590 nobis
934 3548 1040 3590 rerum
1057 3526 1275 3611 orationisque

157 3647 273 3732 tradat,
297 3669 353 3733 per
375 3670 425 3713 me
448 3649 588 3735 appellet
611 3654 770 3715 oratorem
793 3649 885 3727 lieet;
908 3651 975 3717 sive
998 3649 1084 3714 huno
1106 3643 1276 3730 oratorem,

157 3795 253 3856 quem
277 3794 337 3858 ego
361 3774 431 3838 dico
454 3776 643 3859 sapientiam
663 3777 809 3861 junctam
832 3773 951 3839 habere
973 3769 1185 3857 eloquentiae,
1201 3772 1276 3857 phi-

158 3897 327 3981 losophum
351 3899 512 3983 appellare
535 3901 644 3978 malet,
668 3921 732 3965 non
755 3899 946 3984 impediam;
962 3948 968 3961 .
983 3951 990 3964 .
1005 3944 1035 3962 ..
1059 3895 1169 3961 malim
1186 3897 1276 3980 equi·

159 4022 229 4087 dem
252 4022 438 4088 indisertam
461 4025 666 4109 prudentiam
690 4045 787 4109 quam
811 4022 985 4089 stultitiam
1007 4011 1189 4105 loquacem.⁴
1219 4016 1276 4088 sin

194 4324 222 4394 l)
241 4322 271 4381 P.
289 4326 342 4380 ato
358 4325 391 4382 A.
410 4355 445 4365 -
463 4325 503 4382 De
522 4324 568 4382 Or.
586 4325 631 4384 111.
650 4328 712 4385 138.

194 4418 221 4486 2)
239 4415 269 4474 P.
288 4418 340 4474 270
358 4415 390 4476 Β.
408 4445 443 4459 ·-
460 4415 501 4476 Do
520 4414 565 4474 Or.
583 4414 617 4490 ll,
634 4417 696 4475 186.
