3406 5496
486 2048 910 2124 PROOEMIUM.

189 2825 269 2892 Cum
288 2849 326 2891 ex
342 2824 412 2912 lege
424 2827 543 2910 scripto
559 2824 670 2890 libello
684 2825 841 2892 industria
853 2848 923 2892 mea
938 2831 970 2892 ct
986 2829 1132 2908 eruditio,
1146 2830 1266 2912 qualis-

147 2973 282 3037 cumque
299 2954 358 3028 est,
370 2951 449 3014 artis
461 2951 661 3015 antistitibus
681 2951 905 3034 approbandae
922 2956 1037 3029 essent,
1050 2957 1266 3037 opportunum

147 3077 250 3140 visum
275 3079 323 3140 est
345 3075 377 3138 in
406 3075 657 3140 commentandis
681 3074 842 3140 Ciceronis
864 3075 955 3140 libris
976 3077 1014 3140 de
1038 3077 1172 3142 Oratore
1195 3084 1266 3144 ten·

149 3206 229 3279 tare,
254 3200 331 3286 quid
353 3222 489 3284 possem.
513 3199 686 3265 Allioiebat
710 3200 793 3264 enim
818 3200 1015 3283 praestantia
1035 3201 1159 3285 operis,
1182 3204 1267 3285 quod

148 3325 281 3389 docente
307 3324 462 3412 magistro
486 3324 735 3409 prudentissimo
765 3325 1031 3409 ornatissimoque
1062 3327 1207 3392 adamavi
1235 3331 1267 3392 et

147 3450 374 3537 magnifacere
391 3449 485 3514 didici
499 3473 507 3526 3
525 3449 679 3514 suadebat
689 3449 769 3514 illud
782 3471 920 3534 quoque,
933 3451 1016 3534 quod
1031 3451 1175 3516 videbam
1192 3475 1267 3536 pro·

148 3575 242 3639 ximis
265 3575 357 3640 annis
381 3575 500 3640 multos
523 3574 609 3639 viros
632 3574 741 3640 doctos
765 3573 926 3638 Oiceronis
948 3575 1077 3658 scriptis
1099 3575 1268 3641 rhetoricis

149 3700 353 3765 emendandis
364 3706 494 3766 strenue
511 3722 640 3784 operam
653 3700 784 3765 dedisse.
811 3697 893 3762 »Die
906 3699 1077 3784 ungemein
1095 3721 1170 3785 rege
1182 3700 1269 3765 The-

149 3824 268 3910 tigkeit
280 3863 324 3871 —-
336 3825 382 3888 ita
404 3826 516 3890 scribit
539 3825 578 3889 ol.
603 3825 731 3890 Strbbel
748 3825 770 3907 ¹)
789 3859 815 3866 -
838 3820 887 3884 die
911 3821 1063 3886 wahrend
1082 3823 1138 3887 der
1149 3823 1269 3889 letzten

152 3949 192 4011 13
214 3945 315 4012 Jahre
339 3949 398 4013 auf
418 3949 489 4013 dem
513 3947 646 4013 Gebiete
666 3949 721 4013 der
734 3945 952 4011 rhetorischen
970 3945 1130 4012 Schriften
1144 3947 1270 4013 Ciceros

59 4105 61 4112 1
150 4072 301 4136 entfaltet
323 4074 453 4150 words,
482 4073 583 4158 bezog
613 4071 680 4137 sich
708 4093 791 4160 ganz
818 4071 990 4135 besonders
1013 4071 1071 4134 auf
1099 4072 1149 4136 die
1171 4072 1270 4136 Text·

150 4195 260 4261 kritik.
284 4195 494 4284 Angehbrige
516 4198 581 4264 fast
604 4197 684 4262 aller
707 4197 869 4263 Nationen
892 4195 1038 4280 Europus
1059 4197 1271 4263 wetteiferten

186 4502 213 4574 t)
232 4503 261 4557 in
280 4500 418 4558 Bursian’s
436 4499 636 4558 Jahrosborioht
653 4498 684 4555 B.
704 4501 738 4554 80
757 4500 831 4555 abth.
849 4502 866 4554 t
885 4455 948 4574 pau.
967 4503 1029 4568 166.

1185 4595 1199 4676 t
