3406 5496
698 639 743 707 39

160 852 303 918 Tertiam
316 857 423 919 autem
435 853 604 931 rationem,
617 876 698 940 quae
707 876 746 919 ex
754 855 824 939 ipse
832 853 1015 918 definitione
1024 851 1103 916 artis
1115 853 1278 935 peteretur

159 976 208 1042 ita
226 978 324 1042 refert
346 977 524 1042 Antonius:
558 977 693 1042 >Artem
718 1000 791 1042 vero
815 977 956 1063 negabat
979 997 1046 1040 csse
1070 975 1189 1051 ullam,
1217 974 1277 1039 nisi

158 1121 242 1184 quae
263 1101 400 1186 cognitis
421 1101 613 1186 penitusque
635 1101 807 1186 perspectis
831 1101 912 1165 etin
932 1123 1031 1165 unum
1050 1100 1171 1164 exitum
1188 1119 1278 1182 spec-

158 1225 304 1288 tantibus
333 1229 366 1290 et
388 1247 563 1310 numquam
592 1225 779 1290 fallentibus
801 1225 897 1290 rebus
928 1223 1155 1287 contineretur.
1189 1221 1278 1285 Haec

158 1351 267 1411 autem
290 1349 417 1424 omnia,
446 1368 527 1432 quae
559 1352 779 1414 tractarentur
800 1349 842 1413 ab
870 1347 1061 1423 oratoribus,
1086 1346 1183 1409 dubia
1206 1367 1273 1409 esse
1402 1402 1404 1405 ,

159 1474 194 1535 et
215 1471 347 1546 incerte,
370 1472 521 1555 quoniam
545 1476 578 1537 et
600 1471 779 1536 dicerentur
802 1472 843 1535 ab
867 1472 922 1550 eis,
949 1471 1004 1555 qui
1028 1492 1064 1534 ea
1084 1469 1192 1533 omnia
1211 1491 1276 1532 non

158 1593 256 1678 plene
286 1599 457 1673 tenerent,
481 1599 515 1660 et
547 1596 736 1690 audirentur
769 1597 899 1672 abeis,
933 1594 1050 1678 quibus
1081 1613 1145 1657 non
1174 1592 1277 1656 scien·

158 1718 206 1782 tia
229 1723 312 1783 esset
331 1719 508 1797 tradenda,
540 1719 594 1784 red
621 1720 729 1805 exigui
752 1720 906 1804 temporis
929 1720 986 1781 eut
1008 1717 1090 1781 falsa
1113 1718 1169 1778 aut
1192 1718 1277 1779 certe

159 1844 295 1908 obscura
317 1843 457 1926 opinio”.
482 1883 524 1892 -
548 1843 670 1919 Quibus
693 1841 891 1907 Charrnedae
918 1839 1086 1906 sententiis
1108 1838 1275 1915 adductus,

159 1987 242 2050 quae
264 1966 349 2031 dicta
371 1969 447 2030 sunt
470 1989 489 2031 a
511 1966 624 2032 Crasso
647 1967 695 2030 ita
717 1966 855 2050 probat,
886 1969 923 2028 ut
946 1968 1053 2028 tamen
1077 1963 1211 2026 disertos
1234 1962 1276 2025 ab

159 2089 383 2173 eloquentibus
412 2089 583 2175 disjungat.
620 2089 760 2174 »Scripsi
788 2090 909 2166 etiam,
929 2085 1058 2172 inquit,
1081 2086 1216 2170 quodam
1242 2087 1275 2149 iu

158 2211 281 2288 libello,
315 2212 450 2277 disertos
476 2234 526 2277 me
549 2234 701 2299 cognosse
732 2213 912 2290 nonnullos,
939 2212 1142 2294 eloquentem
1171 2209 1275 2274 adhuc

159 2336 332 2413 neminem,
345 2375 385 2384 -
400 2335 485 2420 quod
512 2359 584 2401 eum
612 2336 794 2401 statuebam
817 2337 983 2413 disertum,
1004 2335 1059 2419 qui
1076 2332 1274 2418 possetsatis

157 2462 250 2523 acute
279 2462 377 2541 etque
407 2459 542 2525 dilucide
569 2460 653 2543 apud
681 2461 853 2526 medioeres
882 2459 1028 2524 homines
1052 2481 1091 2522 ex
1114 2459 1274 2523 communi

156 2581 295 2665 quedem
318 2581 467 2666 opinione
489 2583 604 2660 dicere,
627 2582 830 2668 eloquentem
851 2606 937 2662 vero,
961 2583 1017 2668 qui
1040 2581 1218 2647 mirabilius
1242 2586 1275 2647 et

157 2705 417 2790 magnificentius
439 2727 558 2792 augere
583 2711 808 2791 poscebatque
831 2691 955 2786 ornare,
980 2728 1062 2791 quae
1082 2704 1189 2783 vellet,
1205 2727 1274 2770 om-

157 2850 278 2913 nesque
305 2830 448 2894 omnium
461 2830 579 2907 rerirm,
597 2851 678 2914 quae
691 2831 731 2896 ad
747 2831 914 2896 dicendum
937 2831 1148 2915 pertinerent,
1171 2829 1274 2895 fontes

156 2953 265 3018 auimo
288 2976 326 3018 ac
338 2954 490 3020 memoria
501 2955 711 3020 contineret.”
734 2955 805 3020 Hoc
817 2955 945 3038 quidem
957 2954 1182 3021 difficillimum
1194 2975 1272 3021 esse.

155 3078 231 3144 Non
255 3079 402 3163 desperat
424 3083 532 3144 tamen
554 3079 623 3144 fore
645 3078 784 3162 aliquem
807 3077 979 3163 aliquando
1001 3077 1077 3161 »qui
1100 3081 1133 3142 et
1156 3076 1272 3153 studio,

155 3201 274 3286 inquit,
298 3202 430 3280 acriore,
453 3224 551 3287 quam
574 3225 632 3268 nos
655 3225 765 3267 sumus
788 3206 885 3288 atque
908 3202 1028 3266 fuimus
1041 3201 1152 3265 etotio
1172 3223 1211 3266 ac
1225 3201 1274 3264 fa-

155 3325 276 3391 cultate
298 3325 440 3391 discendi
462 3327 582 3410 majore
606 3349 643 3392 ac
665 3327 839 3392 maturiore
862 3330 895 3390 et
918 3326 1027 3390 labore
1050 3329 1147 3409 atque
1165 3324 1275 3388 indus·

156 3450 220 3514 tria
231 3450 405 3534 superiore,
418 3473 488 3516 cum
502 3472 535 3515 se
547 3451 587 3516 ad
599 3451 801 3528 audiendum,
814 3448 994 3536 legendum,
1008 3448 1272 3533 scribendumque

156 3574 287 3652 dederit,
311 3574 428 3640 existat
451 3575 526 3640 talis
546 3579 666 3652 orator,
691 3573 818 3658 qualem
841 3572 1036 3656 quaerimus,
1052 3573 1107 3655 qui
1119 3573 1192 3656 jure
1209 3595 1273 3638 non

157 3698 261 3762 solum
284 3698 421 3764 disertus
443 3699 498 3764 sed
521 3699 618 3764 etiam
642 3699 794 3782 eloquens
817 3695 878 3759 dici
903 3696 1037 3780 possit.”

201 3821 338 3885 Paulum
372 3821 445 3886 inde
467 3843 592 3899 moree;
630 3820 838 3908 gratulantur
868 3819 953 3884 iuter
983 3841 1016 3884 se
1048 3819 1207 3904 Sulpicius
1240 3826 1273 3886 et

158 3945 277 4022 Cotta,
308 3946 393 4030 quod
414 3946 449 4009 iu
471 3945 563 4010 illum
587 3968 765 4012 sermonem
789 3943 911 4028 delapsi
934 3944 1008 4008 sint.
1042 3943 1115 4008 Jam
1140 3942 1273 4010 Crassus

157 4069 348 4134 sententiam
372 4074 505 4156 rogatus
525 4071 748 4136 >existimatae
764 4072 865 4133 artem
880 4067 1021 4152 aliquam
1037 4088 1104 4132 esse
1116 4067 1270 4146 dicendi'’,

157 4199 327 4278 postquam
366 4195 419 4259 diu
454 4217 521 4260 sese
551 4194 760 4279 respondendi
793 4192 918 4256 muneri
958 4192 1059 4257 facete
1093 4191 1272 4270 subtraxit,

158 4339 290 4401 carpens
312 4319 465 4382 nimirum
488 4318 681 4395 Graeculos,
709 4318 748 4381 ed
776 4314 1027 4399 respondendum
1058 4314 1096 4380 de
1124 4315 1272 4380 omnibus

159 4441 253 4506 rebus
291 4447 442 4527 paratae3
473 4442 601 4506 tandem
631 4443 769 4507 multum
804 4439 971 4505 lacessitus
995 4440 1040 4504 ita
1063 4441 1271 4524 pronunciat:
