3432 5498
995 621 1038 692 m

502 837 654 924 Sequitur
675 840 832 924 quaestio,
855 862 910 905 cur
930 840 1100 905 verborum
1120 841 1315 907 concertatio
1332 845 1367 906 et
1385 840 1566 926 disceptatio

457 987 522 1030 non
547 969 621 1029 ante
645 965 765 1048 scripto
788 965 953 1029 elaborata
973 967 1137 1048 praestent
1160 965 1308 1031 omnibus
1331 966 1460 1050 scriptis
1482 966 1569 1030 libris

458 1093 491 1153 et
522 1089 720 1153 orationibus
750 1089 789 1152 de
816 1089 935 1172 scripto
961 1087 1080 1152 allatis.
1112 1087 1304 1154 Conceditur
1333 1111 1426 1175 posse
1457 1090 1571 1174 scripta

457 1234 629 1299 procurare
664 1211 888 1297 dignissimum
917 1212 1025 1277 animo
1052 1210 1343 1290 oblectamentum,
1378 1235 1445 1278 esse
1477 1214 1569 1278 etiam

457 1335 599 1401 subsidia
620 1335 775 1418 quaedam
798 1335 1020 1401 reminiscendi
1036 1358 1178 1420 eaquae
1193 1337 1261 1421 jam
1277 1337 1498 1412 didicerimus3
1510 1357 1570 1400 non

457 1460 567 1546 magni
590 1467 696 1524 tamen
721 1481 849 1524 ecesse
876 1460 991 1546 pretii3
1028 1466 1154 1526 tantum
1184 1460 1293 1525 abesse
1325 1464 1362 1524 ut
1390 1459 1570 1526 memoriam

456 1589 607 1670 augeant,
632 1588 669 1649 ut
692 1586 799 1669 potius
822 1607 892 1649 eam
916 1591 1112 1668 pervertant.
1150 1585 1260 1649 Libros
1283 1583 1467 1669 legentibus
1491 1582 1569 1647 mul-

457 1715 507 1774 tas
543 1708 670 1792 quidem
705 1708 850 1773 conferre
883 1708 1048 1792 opiniones
1081 1730 1198 1791 eosque
1234 1711 1268 1773 et
1301 1706 1506 1793 πολυηκόους
1541 1709 1569 1770 et

457 1832 660 1917 δοξοσόφους,
686 1835 718 1895 et
734 1836 904 1917 propterca
922 1833 1161 1898 molestissimos
1181 1832 1317 1908 efficere,
1336 1831 1391 1896 sed
1407 1830 1446 1894 ad
1467 1852 1569 1894 veram

457 1978 563 2021 rerum
589 1955 767 2020 doctrinam
791 1957 976 2022 tradendam
999 1956 1081 2021 nihil
1104 1957 1231 2022 valere:
1268 1955 1448 2020 cumidem
1472 1955 1569 2018 omni-

456 2080 530 2158 bus,
571 2079 673 2144 doctis
706 2079 920 2166 indoctisque,
955 2081 1063 2146 dicant
1093 2103 1196 2165 neque
1230 2085 1340 2148 eontra
1363 2078 1567 2162 obloquentes

456 2225 490 2269 se
513 2204 596 2268 tueri
618 2204 754 2287 possint.

474 2380 477 2386 .
500 2327 627 2412 ltaque,
651 2329 706 2412 qui
731 2328 891 2394 orationes
918 2335 975 2393 aut
998 2328 1167 2415 legesaut
1189 2331 1336 2413 poemata
1358 2326 1566 2400 conscribant,

456 2475 515 2518 nec
534 2451 659 2537 possint
680 2453 915 2536 praestantiora
935 2453 1084 2537 proferre,
1108 2475 1162 2517 eos
1185 2475 1225 2517 ne
1248 2453 1365 2537 pudeat
1389 2448 1567 2536 parumho·

449 2577 587 2642 ‘norilico
613 2577 740 2641 nomine
760 2576 970 2663 συγγραφέων
982 2581 1015 2642 et
1031 2577 1246 2665 νομογρᾶφων
1262 2576 1432 2661 appellari:
1457 2574 1505 2639 sin
1517 2594 1568 2638 ve·

457 2701 563 2766 citatis
585 2700 701 2765 conscii
725 2701 782 2765 illa
805 2703 1043 2786 composuerint
1074 2702 1261 2786 possintque
1285 2723 1343 2765 sua
1365 2701 1496 2784 scripta,
1519 2697 1570 2761 ubi

455 2826 488 2890 in
509 2824 770 2908 disceptationem
801 2825 986 2905 trahantur,
1010 2847 1064 2890 ore
1087 2826 1278 2903 defendere,
1300 2825 1414 2911 dignos
1437 2823 1569 2898 futuros,

455 2948 509 3033 qui
533 2948 708 3032 sapientiae
731 2949 864 3014 studiosi
888 2951 955 3016 sive
976 2949 1159 3035 philosophi
1182 2949 1397 3016 nominentur.
1421 2946 1570 3033 Augura-

454 3077 508 3137 tur
531 3071 678 3137 Socrates
702 3071 874 3139 Isocratem
898 3074 1002 3140 adhuc
1022 3075 1172 3159 juvenem
1193 3075 1291 3140 talem
1316 3072 1488 3158 aliquando
1519 3072 1569 3134 fu·

455 3205 564 3263 turum
588 3203 758 3275 oratorem,
782 3199 837 3282 qui
861 3200 1035 3289 sapientiae
1061 3199 1168 3265 studio
1192 3199 1336 3264 excellat.

498 3323 571 3387 Jam
594 3323 669 3405 quid
695 3322 805 3387 Cicero
828 3347 867 3388 ex
889 3323 946 3389 illa
968 3323 1187 3409 disputatione
1209 3324 1243 3388 in
1266 3345 1358 3389 suuni
1384 3345 1475 3386 usum
1497 3343 1569 3386 con-

454 3448 572 3511 vertit?
602 3444 748 3510 Occurrit
770 3449 879 3512 statim
908 3447 1078 3514 Scaevolae
1104 3449 1183 3514 illud
1208 3471 1286 3514 »cur
1309 3470 1372 3512 non
1396 3448 1570 3521 imitamur,

453 3570 576 3648 Crasse,
592 3568 754 3634 Socratem
779 3570 881 3649 illum,
907 3573 962 3656 qui
986 3573 1088 3637 estin
1113 3573 1258 3639 Phaedro
1281 3572 1473 3638 Platonis?”
1498 3572 1568 3655 qui·

453 3695 511 3759 bus
544 3694 648 3759 verbis
682 3695 889 3760 admonemur
921 3697 984 3761 loci
1018 3697 1257 3781 discriptionem
1287 3696 1409 3761 imitari
1443 3718 1568 3760 scenam

451 3820 706 3885 amoenissimam
729 3820 884 3885 sermonis
906 3820 994 3886 illius
1018 3821 1176 3887 Platonici
1209 3821 1313 3887 »Nam
1337 3844 1388 3886 me
1411 3822 1490 3895 haec
1513 3826 1567 3886 tua
1682 3827 1683 3856 ³

451 3942 602 4028 platanus
624 3944 810 4010 admonuit'’
825 3947 925 4011 —ita
948 3946 1056 4033 pergit
1072 3985 1109 3995 -
1124 3968 1226 4031 »quac
1245 3969 1309 4011 non
1322 3947 1479 4012 minusad
1492 3969 1565 4031 opa·

450 4068 586 4132 candum
610 4067 695 4134 hunc
717 4069 823 4135 locum
843 4069 962 4155 patulis
979 4069 1153 4136 estdiffusa
1165 4071 1273 4150 ramis,
1290 4094 1386 4157 quem
1405 4072 1462 4137 illa
1477 4073 1566 4156 cujus
1682 4073 1683 4154 ζ

449 4191 596 4256 umbram
624 4196 750 4257 secutus
780 4197 812 4257 et
839 4191 1008 4271 Socrates,
1039 4215 1121 4277 quae
1154 4195 1234 4261 mihi
1265 4195 1391 4262 videtur
1413 4219 1478 4264 non
1501 4201 1565 4262 tam

449 4311 519 4398 ipsa
538 4316 657 4399 aquula
681 4339 763 4401 quae
776 4317 965 4383 describitur
976 4340 1073 4402 quam
1086 4317 1229 4387 Platonis
1245 4321 1389 4388 oratione
1401 4322 1564 4390 crevisse'’.

449 4433 787 4510 RevocaturPlatonis
810 4443 977 4519 πλάτανος
998 4443 1076 4534 μάλ’
1101 4439 1293 4540 ἀμφιλαφής
1320 4470 1357 4515 rs
1379 4447 1433 4518 nul
1458 4441 1568 4547 dpqtq'
1682 4429 1683 4432 Ἴ
