3432 5498
451 888 618 976 perspecta
641 883 689 954 vis
712 887 761 952 eat
782 881 917 951 rationis
940 882 1019 968 ejus,
1042 899 1106 968 qna
1125 897 1220 946 cansa
1236 897 1342 942 rerum
1356 869 1567 959 atqneeritus

452 1015 699 1103 cognoscuntur,
723 1011 823 1076 mirus
845 1008 974 1094 quidam
990 1006 1132 1071 omniurn
1148 1003 1240 1088 quasi
1260 1021 1430 1067 consensus
1449 996 1567 1062 doctri·

450 1160 566 1204 narum
611 1137 846 1219 concentusque
888 1130 1046 1216 reperitur
1058 1130 1087 1206 ;”
1131 1129 1214 1192 idem
1260 1129 1339 1210 puto
1384 1122 1567 1187 dialecticae

451 1262 591 1328 tribuere
615 1259 727 1336 voluit,
747 1257 830 1342 qnod
843 1256 938 1321 Plato
953 1253 1077 1319 selectis
1093 1251 1278 1337 juvenibus,
1297 1249 1354 1334 qui
1370 1246 1483 1312 ceteris
1500 1244 1566 1329 jam

452 1385 574 1450 artibus
613 1383 729 1448 imbuti
763 1385 889 1457 essent,
929 1377 1193 1444 commendabat:
1207 1422 1303 1439 .....
1344 1372 1423 1438 τότε
1468 1368 1568 1454 χύδην

450 1509 634 1594 μαθήματα
659 1509 774 1574 παισὶν
796 1501 832 1572 ἐν
854 1509 894 1594 τῇ
914 1507 1048 1588 παιδείᾳ
1065 1501 1233 1585 γενόμενα,
1247 1497 1374 1570 τούτοις
1392 1499 1567 1561 συνακτέον

452 1633 498 1709 εἰς
533 1633 674 1723 σύνοψιν
707 1630 902 1718 οἰκειότητος
923 1623 1069 1716 ἀλλήλοιν
1102 1630 1166 1691 τῶν
1199 1622 1409 1711 μαθημάτων
1435 1621 1567 1704 καὶτῆς

451 1764 510 1825 τοῦ
534 1757 624 1832 ὄντος
647 1758 782 1842 φύσεος.
807 1754 898 1831 Quod
921 1753 1049 1838 quidem
1072 1749 1256 1816 dialecticae
1283 1768 1343 1832 ope
1360 1743 1430 1809 fieri
1445 1741 1567 1816 voluitss

450 1881 539 1946 addit
552 1874 683 1957 enim,‹i
705 1880 766 1964 μὲν
789 1874 848 1964 γὰρ
872 1869 1064 1949 συνοπτικὸς
1087 1866 1291 1949 διαλεκτικὸς,
1315 1863 1384 1936 ὅδὲ
1405 1863 1451 1956 μὴ
1476 1867 1523 1932 οὔ.
1539 1864 1566 1948 ¹)

495 2005 526 2068 A
548 2003 838 2088 vituperationibus
862 2007 969 2068 autern
992 1998 1234 2085 philosophiae,
1260 2017 1339 2082 quas
1367 1994 1453 2078 apud
1476 1993 1566 2059 Cice·

450 2149 561 2193 ronam
585 2129 707 2212 profert
730 2125 891 2192 Antonius
917 2164 958 2174 —
983 2125 1065 2189 sicut
1087 2126 1120 2187 et
1142 2122 1176 2184 in
1199 2119 1320 2206 Gorgia
1343 2117 1502 2192 Callicles,
1526 2153 1566 2165 -

451 2252 581 2316 minime
605 2274 642 2316 aa
664 2251 858 2328 abhorrent,
882 2271 963 2334 quae
990 2250 1024 2313 in
1048 2244 1229 2313 ›Civitatc'’
1261 2241 1453 2307 Adimantus
1477 2240 1568 2305 oblo-

450 2376 562 2462 quitur
596 2374 720 2441 Socrati
750 2373 952 2460 philosophis
974 2370 1144 2457 imperium
1171 2366 1377 2432 concedenti:
1405 2364 1566 2429 neminem

449 2498 599 2565 videlicet
613 2499 775 2586 ignorare,
798 2494 868 2563 ὅσοι
890 2489 931 2562 ἂν
946 2491 1004 2561 ἐπὶ
1020 2496 1216 2580 φιλοσοφίαν
1232 2480 1430 2580 ὁρμήσαντες
1445 2493 1491 2578 μὴ
1510 2493 1569 2555 τοῦ

449 2627 702 2692 πεπαιδεῦσθαι
735 2621 829 2689 ἕνεκα
863 2614 1047 2710 ἁψάμενοι,
1076 2618 1147 2685 νέοι
1169 2616 1259 2691 ὄντες
1281 2610 1568 2692 ἀπαλλάττωνται,

450 2741 533 2815 ἀλλὰ
554 2747 757 2835 μακρότερον
778 2741 1025 2834 ἒνδιατρίψυσι,
1043 2735 1119 2815 τοὺς
1137 2741 1199 2825 μὲν
1219 2743 1392 2814 πλείστους
1406 2741 1459 2805 καὶ
1475 2739 1568 2805 ποίνο

449 2867 643 2946 ἀλλοκότους
665 2871 882 2956 γιγνομένους,
906 2871 960 2935 ἵνα
983 2861 1029 2955 μὴ
1052 2865 1292 2954 παμπονήρους
1311 2863 1471 2949 εἴπωμεν,
1492 2867 1570 2939 τούς

449 2990 479 3062 d’
481 2991 744 3070 interseruimus
771 2998 961 3072 δοκοῦντας,
997 2988 1083 3077 ὅμως
1108 2989 1210 3058 τοῦτό
1231 3013 1267 3073 γε
1297 2983 1365 3055 drrd
1399 2987 1570 3078 ἐπιτηδεύ-

449 3141 571 3204 ματος,
603 3102 644 3183 οῧ
666 3113 705 3184 σύ
735 3116 891 3196 ἐπαινεῖς,
915 3117 1121 3200 πάσχοντας,
1146 3111 1325 3203 ἀχρήστους
1355 3124 1426 3188 ταῖς
1448 3115 1571 3182 πόλεσι

450 3247 665 3327 γιγνομένους.
686 3244 714 3329 2)

495 3365 586 3440 Quod
609 3365 637 3430 si
660 3366 814 3450 suspicari
845 3365 921 3430 licet
950 3365 1134 3432 Ciceronem
1165 3365 1203 3429 de
1233 3368 1320 3430 certo
1351 3365 1489 3448 quodam
1514 3387 1569 3431 so·

449 3489 558 3575 phista
581 3489 750 3576 cogitasse,
773 3511 846 3555 cum
868 3512 925 3575 per
948 3489 1128 3555 Antonium
1151 3489 1268 3553 laetum
1293 3490 1326 3552 et
1348 3489 1568 3572 arrogantiam

449 3611 673 3698 graeculorum
691 3612 889 3696 jccoaissime
908 3616 1062 3696 carperet,
1075 3613 1221 3696 profecto
1232 3610 1463 3695 'thrasymachi
1475 3612 1568 3696 inep-

449 3735 512 3799 tias
524 3738 636 3799 notare
649 3735 786 3800 voluisse
799 3735 959 3820 putandus
971 3739 1028 3800 cst.
1041 3734 1218 3820 Numquae
1233 3734 1409 3799 Antonius:
1424 3732 1568 3801 »Audite

449 3880 535 3935 vero,
547 3858 662 3942 inquit,
676 3859 792 3925 audite.
819 3859 988 3924 Hominem
1002 3860 1087 3924 enim
1103 3857 1239 3922 audictis
1255 3858 1292 3922 de
1304 3856 1413 3922 schola
1425 3861 1524 3943 atque
1548 3882 1568 3923 a

449 3981 606 4067 magistro
630 3985 663 4046 et
686 3982 815 4046 Graecis
828 3982 944 4048 litteris
960 3982 1120 4048 eruditum
1134 4030 1141 4045 .
1157 4035 1163 4050 .
1182 3980 1320 4046 ‚docebo
1333 4003 1389 4046 sos
1406 3980 1567 4065 discipuli,

449 4105 481 4169 id
516 4105 603 4190 quod
643 4105 711 4189 ipse
745 4128 809 4170 non
838 4106 946 4171 didici:
982 4105 1059 4190 quid
1093 4106 1132 4170 de
1162 4105 1249 4172 omni
1287 4126 1403 4190 genere
1441 4105 1567 4171 dicendi

485 4402 515 4471 1)
534 4403 591 4460 (liv.
610 4405 640 4460 Ρ.
660 4409 711 4460 537
731 4406 760 4462 (t.
780 4437 813 4445 -
831 4407 871 4462 De
890 4405 934 4461 Or·
952 4405 997 4462 ΠΙ.
1015 4409 1059 4460 21.

487 4495 513 4556 2)
532 4491 563 4548 P.
580 4495 632 4548 487
650 4492 682 4549 D.
