3406 5496
671 641 712 704 13

126 854 329 941 potissimum
360 875 395 920 re
421 853 602 933 levaretur,
637 858 670 920 et
704 854 924 939 prodessemus
952 852 1075 918 civibus
1109 851 1247 932 nostris,

128 1002 228 1065 quare
253 1001 390 1064 cumque
413 980 610 1064 possemus.''
634 978 660 1059 ¹)

175 1105 319 1171 Haecin
342 1107 452 1172 animo
476 1105 626 1170 habebat.
661 1103 774 1187 ltaque
809 1125 873 1187 qua
902 1108 972 1170 arte
995 1104 1063 1187 ipse
1086 1124 1168 1167 unus
1192 1124 1247 1166 ex-

131 1229 277 1308 cellebat,
301 1230 352 1295 cui
375 1229 530 1314 quidquid
541 1229 575 1293 in
594 1227 724 1293 civitate
740 1226 878 1306 valebat,
895 1227 1054 1292 referebat
1072 1230 1249 1310 acceptum,

131 1375 201 1418 eam
223 1353 360 1438 primam
384 1352 501 1420 docuit.
537 1351 650 1436 Neque
673 1350 849 1436 quidquam
872 1349 1078 1428 adversatur,
1102 1349 1186 1434 quod
1208 1349 1249 1414 iis

129 1478 208 1544 locis
231 1500 312 1563 qnos
327 1479 421 1544 modo
437 1477 605 1544 attulimus
621 1476 659 1540 de
675 1475 898 1561 philosophiae
917 1475 1031 1541 studiis
1046 1474 1249 1560 potissimum

130 1602 168 1667 fit
190 1603 327 1669 mentio:
351 1603 378 1667 si
401 1599 551 1687 quidem,
572 1641 617 1652 -
640 1606 677 1667 ut
700 1601 802 1679 infra,
825 1601 881 1666 ubi
904 1602 941 1666 de
965 1599 1110 1665 doctriua
1132 1597 1249 1662 horum

131 1726 286 1792 librorum
310 1749 414 1792 sermo
433 1728 506 1806 erit,
529 1726 626 1792 lelius
646 1748 851 1811 exponemus,
874 1767 915 1776 -
936 1722 1159 1811 philosophiae
1180 1725 1249 1786 stu-

131 1851 183 1916 dia
206 1851 345 1916 maxime
367 1855 532 1936 tamquam
548 1850 684 1916 oratoris
700 1850 840 1916 subsidia
852 1872 871 1914 a
883 1848 1033 1914 Cicerone
1046 1845 1248 1921 colebantur3

130 1997 234 2060 neque
255 1975 397 2059 perfecta
420 1979 490 2040 erat
513 1975 579 2060 ejus
588 1974 709 2059 judicio
724 1973 929 2059 philosophia
941 1973 1008 2037 ulla
1020 1971 1082 2036 nisi
1096 1992 1199 2054 »quae
1211 1969 1250 2033 de

131 2098 279 2163 maximis
291 2099 534 2182 quaestionibus
546 2098 672 2182 copiose
684 2101 792 2182 posset
804 2100 978 2181 ornateque
991 2094 1126 2161 dicere.”
1147 2092 1249 2156 Immo

132 2221 281 2286 universa
313 2222 474 2288 sententia
501 2220 657 2287 librorum
688 2221 727 2286 de
751 2220 886 2287 Oratore
909 2242 946 2285 ea
969 2223 1028 2299 est,
1051 2222 1089 2284 ut
1113 2217 1250 2282 maxime

130 2345 171 2410 ad
195 2343 295 2410 libros
319 2343 392 2410 illos
424 2344 647 2430 philosophiae
674 2345 858 2411 scribendos
879 2344 1093 2431 legendosque
1115 2363 1251 2426 praepa-

130 2471 204 2533 rent
226 2469 350 2534 animos
373 2474 470 2555 atque
492 2457 648 2535 alliciant.
673 2468 735 2534 Sed
757 2469 817 2534 hac
840 2469 879 2534 de
902 2490 936 2533 re
957 2471 1079 2553 postea.

175 2592 266 2669 Quod
296 2594 323 2660 si
345 2595 426 2679 'quis
460 2594 540 2660 seire
571 2595 696 2679 cupiat:
733 2593 870 2659 fueritne
900 2593 935 2658 in
966 2592 1097 2657 civitate
1132 2611 1252 2676 magna

131 2715 246 2782 harum
270 2720 531 2804 praeceptionum
564 2719 758 2796 necessitas,
788 2721 917 2802 reputet
957 2738 994 2781 ea
1028 2737 1110 2800 quae
1140 2715 1251 2779 Cicero

130 2841 165 2906 in
188 2843 388 2910 Tusculanis.
413 2843 607 2910 ›Oratorum
630 2844 701 2908 laus
721 2844 768 2908 ita
784 2843 879 2908 dueta
903 2841 943 2906 ab
966 2838 1081 2905 humili
1104 2839 1192 2905 venit
1211 2838 1252 2903 ad

131 2988 303 3046 summum,
326 2972 364 3032 ut
384 2967 464 3051 jam,
488 2967 573 3052 quod
595 2971 713 3032 natura
743 2967 808 3031 fert
829 2966 864 3030 in
887 2965 1035 3030 omnibus
1058 2964 1124 3029 iere
1145 2963 1252 3042 rebus,

131 3095 277 3158 senescat
299 3092 453 3176 brevique
478 3096 622 3178 tempore
645 3091 685 3155 ad
708 3090 846 3155 nihilum
869 3094 1003 3156 ventura
1022 3088 1200 3154 videatur.'’
1223 3088 1252 3174 ²)

131 3212 222 3290 Quod
256 3215 339 3281 idem
361 3219 396 3280 ut
427 3215 538 3300 paucis
566 3214 785 3293 ostendamus,
808 3218 909 3298 utque
935 3213 1061 3298 plenius
1088 3216 1251 3298 appareat,

131 3325 262 3421 quinam
281 3339 403 3404 fuerint
426 3338 474 3403 illi
494 3338 610 3423 quibus
627 3336 737 3403 Cicero
758 3336 923 3403 consulere
945 3337 1094 3416 voluerit,
1112 3337 1252 3418 breviter

129 3463 302 3528 referemus
326 3463 431 3548 qualis
452 3463 550 3528 fuerit
573 3484 673 3546 usque
697 3461 737 3526 ad
760 3461 850 3526 illam
873 3463 1011 3526 aetatem
1030 3462 1115 3528 inter
1131 3460 1251 3527 Roma·

129 3610 188 3653 nos
212 3587 375 3653 institutio
399 3587 549 3652 oratoria.

174 3711 282 3797 inepti
294 3716 387 3778 erant
409 3712 563 3792 rhetores,
587 3711 644 3796 qui
667 3714 746 3776 tunc
768 3708 889 3775 Romae
908 3709 1032 3776 dicendi
1050 3711 1153 3775 artem
1176 3732 1251 3794 pro·

137 3963 297 3973 -—---·

167 4125 196 4188 1)
213 4120 280 4176 lbid.
300 4123 324 4176 7.
343 4121 376 4175 ci.
396 4118 435 4177 De
454 4117 512 4175 Fin.
532 4123 549 4174 l.
569 4118 589 4176 Ι.
607 4123 642 4175 10
664 4117 736 4191 »Ego
753 4137 825 4189 reto,
846 4121 971 4190 quoniam
987 4117 1138 4174 forensibus
1156 4118 1252 4188 operis,

131 4211 278 4278 laboribus,
298 4212 424 4280 periculis
441 4228 495 4265 uon
513 4211 663 4264 deseruisse
681 4211 748 4262 mihi
766 4211 858 4265 videor
876 4209 1046 4279 praesidium,
1066 4210 1157 4277 inquo
1174 4225 1190 4260 a
1205 4224 1252 4277 po·

134 4303 200 4371 pulo
217 4299 339 4354 Romano
356 4301 459 4354 locatus
472 4317 539 4367 sum,
558 4300 643 4353 debeo
655 4299 783 4368 profecto,
799 4303 1043 4368 quantumcumque
1055 4313 1171 4366 possum,
1181 4298 1210 4350 in
1220 4314 1252 4351 eo

129 4406 236 4460 quoque
254 4389 400 4457 elaborare,
419 4393 449 4443 ut
467 4391 521 4443 aiut
538 4405 630 4459 opera,
649 4389 746 4458 studio,
764 4388 856 4443 labore
874 4404 934 4442 meo
950 4387 1080 4442 doctiores
1092 4385 1251 4444 cireamei.''

167 4481 193 4544 2)
213 4477 291 4534 Tuso.
310 4479 329 4532 l.
347 4477 371 4534 11
389 4481 414 4534 5.
