3432 5498
693 625 734 694 61

153 839 378 919 incrementis,
402 839 518 926 quibus
541 840 620 906 haec
645 841 782 907 maxime
805 848 908 922 aetas,
932 849 964 910 et
987 849 1108 911 ceteras
1132 845 1274 934 discipli·

153 989 215 1031 nas
245 972 279 1031 et
309 970 420 1032 nostra
446 966 574 1030 auxerit
606 965 732 1042 studia3
768 967 962 1034 admiramur
991 992 1209 1057 quaecumque
1239 975 1273 1038 in

152 1092 362 1170 medicorum,
383 1094 440 1156 aut
459 1091 666 1177 physicorum
681 1096 739 1154 aut
757 1091 1056 1158 mathematicorum
1068 1094 1194 1159 artibus
1205 1102 1275 1162 stn-
1300 1130 1304 1138 ·

153 1215 244 1280 diosa
268 1215 432 1300 quaesita,
456 1217 554 1299 atque
579 1213 744 1300 ingeniose
767 1216 919 1295 inventa,
943 1217 1111 1283 hominum
1137 1218 1275 1284 utilitati

153 1343 234 1404 sunt
257 1338 427 1424 applicata.
454 1337 573 1422 Atque,
597 1341 634 1401 ut
657 1338 733 1402 solis
755 1339 874 1404 nostris
896 1340 1015 1405 litteris
1033 1363 1092 1406 nos
1110 1323 1275 1407 continea-

156 1484 248 1539 mus,
271 1484 395 1526 summe
419 1461 595 1538 laetamur,
619 1461 704 1545 quod
728 1460 893 1526 doctorum
917 1463 1058 1528 viror-nm
1081 1464 1274 1550 perspicien-

153 1585 203 1650 tia
226 1584 434 1669 sollertiaque
455 1584 577 1649 multae
600 1583 746 1650 maculae
768 1590 845 1650 sant
866 1587 1046 1666 abstersae,
1074 1587 1193 1654 multae
1221 1613 1274 1656 ca-

153 1709 274 1796 ligines
308 1712 384 1773 sunt
418 1707 598 1786 discussae,
629 1707 746 1793 quibus
776 1707 970 1775 Graecorum
994 1709 1276 1799 Romanorumque

156 1833 322 1917 praeclara
344 1854 441 1917 opera
471 1831 598 1896 foedata
624 1834 717 1897 erant
741 1835 838 1916 atque
861 1833 973 1898 offusa.
996 1834 1124 1910 Quanto
1148 1837 1275 1917 melias,

157 1962 231 2040 post
253 1957 291 2022 F.
314 1955 355 2024 A.
378 1955 479 2034 Woll,
501 1957 592 2039 cajus
614 1973 730 2021 aureus
752 1955 890 2034 libellus,
912 1956 1194 2026 innumerabilium
1213 1963 1276 2028 cri·

155 2081 294 2145 tinorum
317 2102 450 2164 operum
465 2084 651 2164 procreator
663 2084 695 2145 et
708 2082 799 2164 quasi
811 2102 937 2165 parens,
954 2080 1048 2146 modo
1067 2084 1274 2152 centesimum

158 2189 299 2288 eiplevit
324 2203 439 2269 aetatis
462 2224 596 2268 annam:
610 2209 787 2289 —quanto
807 2204 932 2283 melius,
943 2204 1088 2288 inquam,
1099 2229 1184 2274 nunc
1199 2232 1276 2297 cog·

158 2329 229 2394 nita
269 2331 345 2393 sunt
383 2328 589 2413 antiquorum
624 2326 734 2416 leges,
774 2351 900 2408 mores,
939 2330 1110 2407 instituta3
1152 2341 1275 2416 quanto

159 2452 353 2536 locupletior
382 2456 415 2517 et
438 2452 500 2518 fide
528 2452 655 2538 dignior
677 2452 762 2520 facta
789 2457 837 2518 est
866 2455 981 2519 »testis
1008 2454 1066 2520 illa
1096 2460 1276 2542 temporam
1389 2524 1391 2528 .

159 2600 198 2643 ac
238 2578 324 2644 vitae
369 2577 568 2664 magistra”,
609 2581 684 2661 post
727 2579 777 2641 tot
823 2575 945 2656 libros,
990 2577 1135 2663 lapides,
1179 2582 1277 2648 docu-

160 2706 280 2780 menta,
303 2723 428 2766 summo
450 2701 556 2767 studio
578 2723 766 2786 summaque
778 2701 948 2784 prudentia
960 2704 1116 2788 quaesita,
1130 2703 1277 2788 collecta,

162 2826 338 2912 explicata!
370 2825 493 2893 Verum
523 2826 593 2892 ideo
623 2826 663 2891 de
694 2825 780 2891 hisce
808 2826 956 2892 omnibus
982 2828 1172 2913 gandemus:
1200 2832 1277 2916 quia

161 2952 339 3036 paratiores
362 2951 579 3036 praebuerunt
602 2951 690 3028 vias,
717 2950 833 3036 quibus
853 2951 983 3035 juvenes
1005 2952 1166 3038 ceterique
1188 2954 1278 3022 litte·

162 3097 270 3141 rarum
292 3075 387 3141 amici
411 3075 651 3142 amoenissimas
672 3073 746 3139 illas
768 3074 860 3159 quasi
883 3074 1030 3160 regiones
1049 3077 1137 3142 adire
1157 3084 1190 3144 et
1205 3101 1278 3163 per·

162 3199 302 3266 lustrare
325 3201 460 3282 possint.
476 3199 651 3284 Propterea
667 3200 752 3264 enim
768 3199 974 3284 antiquorum
989 3200 1114 3266 litteras
1133 3200 1277 3283 colimus,

162 3324 324 3410 quiahoc
347 3324 561 3390 humanitatis
583 3345 698 3409 genere
723 3323 880 3403 relaxari,
908 3323 1010 3390 excoli
1033 3329 1065 3390 et
1087 3348 1184 3411 snpra
1206 3327 1279 3392 vul·

162 3449 255 3535 garia
279 3452 312 3514 et
334 3447 524 3533 quotidiana
547 3449 679 3533 negotia
701 3471 760 3514 nos
783 3446 890 3514 attolli
913 3447 1083 3524 sentimum
1106 3449 1183 3532 quia
1205 3472 1279 3517 sen·

162 3573 275 3638 tentiis
298 3572 364 3639 illis
388 3571 643 3658 prudentissimis
660 3576 795 3637 venusto
814 3571 1008 3658 egregioque
1019 3593 1165 3639 sermone
1176 3597 1278 3642 enun-

162 3697 254 3762 tiatis
273 3698 433 3764 reficimur
445 3702 478 3763 et
489 3718 689 3773 recreamar3
705 3697 791 3781 qnia,
807 3696 834 3761 si
848 3695 1036 3762 Divinarum
1047 3699 1080 3760 et
1092 3696 1277 3765 coelestium

161 3845 268 3888 rerum
282 3823 583 3908 contemplationem
596 3825 780 3887 clamorem
794 3821 981 3906 excipimus,
1000 3819 1054 3884 vix
1066 3819 1132 3884 ulla
1144 3826 1279 3906 apparet

162 3946 311 4034 voluptas
333 3949 463 4014 homine
486 3946 614 4032 dignior
636 3968 691 4025 ea,
715 3968 796 4031 qnae
820 3968 859 4010 ex
882 3944 1122 4030 pulchritudine
1145 3946 1178 4010 in
1202 3968 1278 4031 ope·

162 4073 251 4138 ribus
275 4074 355 4139 artis
376 4072 562 4158 percipitur.
588 4070 650 4147 uui
672 4091 748 4136 vero
763 4091 872 4134 omnes
888 4091 980 4134 curas
999 4090 1073 4134 suas
1084 4073 1278 4135 consumunt

162 4198 196 4263 in
219 4198 441 4264 emendatione
471 4201 503 4264 et
529 4195 797 4282 interpretatione
817 4216 928 4260 eorum
952 4193 1119 4272 librorum,
1143 4193 1199 4278 qni
1225 4193 1277 4258 in·

161 4321 251 4408 digni
274 4327 362 4401 sunt,
385 4327 422 4388 nt
445 4346 463 4387 a
487 4322 636 4408 quopiam
656 4321 819 4408 leguntur,
843 4325 899 4386 aut
918 4319 1070 4385 acerrime
1081 4318 1279 4405 investigant

161 4470 244 4534 quae
278 4445 329 4511 vel
364 4447 439 4513 sciri
465 4446 697 4531 nonpossint,
732 4444 785 4510 vel
815 4466 951 4531 quorum
980 4443 1122 4530 cognitio
1156 4443 1278 4514 nemini
