3432 5498
681 649 722 722 77

192 862 361 933 Sententia
385 889 513 952 quoque
534 865 611 946 illa,
635 889 731 952 quam
754 867 792 934 de
815 868 895 934 artis
918 866 1041 934 dicendi
1076 865 1201 955 origine
1235 871 1268 934 et

140 991 292 1057 utilitate
314 991 453 1076 protulit
475 990 597 1069 Cicero,
621 1011 694 1056 cum
727 1013 747 1055 a
771 990 915 1056 Platonis
937 996 1043 1059 mente
1066 992 1194 1079 longius
1217 1015 1268 1058 re·

139 1113 254 1192 cedat,
277 1115 424 1199 proprius
446 1113 594 1180 accedere
617 1112 792 1180 videturad
806 1136 996 1200 eam,quam
1020 1117 1113 1182 initio
1125 1119 1175 1184 sui
1193 1118 1267 1184 libri

140 1236 271 1303 indicat
293 1237 498 1306 Aristotcles.
522 1237 632 1324 Negat
651 1236 736 1304 eninr
760 1237 815 1316 ibi,
839 1235 1039 1304 dialecticam
1074 1245 1107 1306 ct
1129 1239 1268 1308 rhetori·

141 1383 218 1426 cam
249 1362 289 1426 ad
330 1365 433 1427 certas
464 1361 674 1445 definitasque
708 1360 856 1427 scientias
897 1362 1073 1446 pertinere;
1112 1385 1268 1446 quarum,

141 1506 220 1550 cum
245 1489 411 1551 versentur
433 1486 467 1551 in
492 1487 544 1565 iis,
566 1508 648 1572 quae
672 1483 1268 1574 omneshominesquodammodopos-

143 1609 215 1674 sint
236 1630 446 1696 cognoscere,
470 1632 580 1675 omnes
603 1610 700 1674 etiam
725 1631 794 1675 esse
817 1609 1000 1695 participes.
1033 1609 1095 1676 Sed
1118 1632 1190 1676 eum
1213 1611 1270 1677 alii

143 1733 241 1816 quasi
264 1733 400 1800 fortuito
423 1733 542 1812 dicant,
565 1733 620 1798 alii
644 1756 683 1797 ex
705 1734 842 1818 quadam
864 1733 1104 1812 consuetudine,
1127 1735 1198 1801 ideo
1211 1737 1268 1802 ob·

143 1857 268 1922 servari
291 1879 393 1942 posse,
416 1858 553 1942 quifiut,
566 1860 603 1922 ut
625 1858 691 1936 alii,
718 1895 757 1906 -
782 1857 848 1924 sive
872 1879 946 1922 casu
959 1858 1026 1922 sive
1039 1856 1268 1926 consuetudine

143 1980 286 2064 quadam
310 1981 418 2047 dicant
442 2021 482 2029 —-
507 2003 619 2048 causas
630 2003 705 2046 suas
727 1981 905 2060 obtineant,
928 1981 984 2046 alii
996 1967 1144 2074 minime:
1167 1988 1265 2069 atque

143 2104 195 2170 ita
218 2107 338 2169 certam
361 2106 532 2190 quamdam
557 2105 640 2170 riam
660 2099 870 2170 et‘ratiouem
893 2103 1016 2169 dicendi
1050 2105 1198 2172 inveniri.
1224 2146 1265 2159 -

146 2226 351 2294 Discriminis
372 2232 479 2293 autem
501 2228 587 2294 inter
608 2250 721 2294 causes
740 2228 847 2294 finitas
872 2231 906 2292 et
932 2228 1135 2313 quaestiones
1157 2229 1265 2294 infini-

147 2355 219 2429 tas,
241 2373 436 2444 quamquam
461 2350 653 2417 Aristoteles
677 2350 799 2416 nullam
822 2351 855 2416 in
878 2373 937 2416 sua
960 2351 1040 2416 Arte
1070 2352 1265 2418 mentionem

145 2474 236 2553 facit,
261 2475 386 2540 videtur
408 2478 516 2540 tamen
540 2475 573 2539 in
597 2474 662 2540 alic
690 2473 828 2557 quodam
859 2473 942 2538 libro
976 2473 1121 2541 Ciceroni
1156 2499 1267 2543 ansam

146 2598 350 2682 praebuisse,
373 2620 430 2664 cur
447 2581 517 2664 'hic
550 2599 774 2683 quaestionum
801 2597 1000 2663 infinitarum
1024 2601 1268 2682 tractationem,

146 2745 230 2808 quae
253 2745 272 2787 a
296 2721 479 2788 rhetoribus
509 2723 657 2807 neglecta
675 2721 816 2806 jacebat,
829 2743 946 2808 magno
969 2744 1064 2808 opere
1087 2726 1269 2792 oratoribus

150 2844 398 2914 commendaret.
439 2845 591 2934 Legimus
629 2846 714 2911 enim
757 2845 840 2929 apud
884 2845 1061 2933 Diogenem
1103 2848 1268 2915 Laertium

147 2964 374 3058 Ἀριστοτέλης
396 2970 480 3058 πρός
503 2975 599 3036 θέσιν
622 2970 841 3056 συνεγύμναζε
874 2965 950 3046 τούς
995 2973 1164 3063 μαθητάς,
1199 2969 1270 3060 ἅμα
1373 3047 1377 3053 ⁴

146 3094 203 3158 καὶ
226 3087 399 3182 ῥητορικῶς
422 3092 584 3160 ἐπασκῶν.
608 3093 635 3180 ¹)

193 3216 302 3304 Atque
321 3216 400 3283 haec
423 3218 461 3283 (le
484 3218 664 3284 imitatione
687 3219 887 3286 Aristotelis:
923 3242 1047 3286 summa
1081 3221 1127 3288 rei
1162 3223 1268 3308 capita

146 3342 195 3408 ita
218 3343 442 3426 percurrimus,
466 3347 502 3407 ut
521 3342 559 3408 dc
572 3341 732 3409 Ciceronis
745 3346 930 3410 auctoribus
942 3351 1143 3429 quaerentes,
1166 3369 1268 3431 neque

146 3467 205 3531 illa
222 3465 468 3552 negligeremus,
494 3489 575 3551 quae
597 3468 782 3534 viderentur
793 3491 987 3556 magnopere
998 3470 1039 3535 ad
1050 3492 1177 3535 causam
1194 3493 1268 3536 nos·
1294 3475 1296 3482 '

146 3596 232 3656 tram
256 3592 427 3675 pertinere,
450 3613 554 3676 neque
578 3596 701 3670 tamen,
725 3615 807 3676 quae
829 3592 872 3657 ab
894 3592 966 3658 aliis
990 3598 1137 3659 accurate
1160 3594 1268 3679 dispu-

144 3719 216 3781 tata
238 3719 326 3794 sunt,
346 3716 450 3781 denuo
473 3721 616 3780 retexere
640 3716 850 3781 videremur.”
868 3713 896 3803 ²)
917 3715 992 3782 Janr
1014 3716 1070 3781 ille
1085 3721 1197 3781 auctor
1213 3739 1268 3780 ex·

145 3823 292 3905 citanilus
317 3844 382 3919 est,
406 3841 497 3925 cujus
520 3840 649 3924 scripta,
675 3841 786 3924 quanti
798 3840 920 3906 fuerint
942 3840 1097 3905 momenti
1119 3840 1159 3904 ad
1182 3861 1268 3905 com-

145 4109 306 4120 -n--n

181 4324 208 4392 1)
226 4325 244 4379 l.
263 4322 295 4380 V,
315 4327 340 4380 3.
366 4321 407 4378 (ll.
427 4319 539 4387 Quintil.
558 4320 616 4378 Xll.
636 4324 661 4378 ἢ.
681 4324 724 4378 25.
744 4352 778 4362 -
795 4322 830 4376 cl.
850 4319 883 4378 X.
903 4326 927 4377 5.
947 4325 990 4378 lt.

180 4414 208 4482 2)
227 4415 288 4468 vide
307 4414 428 4468 Pideritii
447 4417 524 4467 notas
542 4414 571 4466 in
587 4413 670 4466 libros
689 4413 723 4466 de
741 4410 862 4480 Oratore,
875 4412 1267 4482 etpraetereaJentsch:Aris·

143 4504 235 4560 tutelis
253 4504 286 4559 de
305 4507 363 4558 arte
381 4503 514 4558 rhetorica
531 4503 669 4575 quaeritur
686 4501 751 4574 quid
769 4500 869 4556 habeat
886 4499 987 4558 Cicero.
1007 4501 1093 4562 Bercl.
1114 4504 1193 4560 1866.
