3406 5496
682 653 782 722 37.

142 891 343 955 quocumque
366 869 404 934 de
426 889 552 955 genere,
576 868 608 934 id
631 873 749 948 orator,
768 869 794 934 si
814 874 979 954 tamquam
993 869 1118 935 clientis
1131 893 1259 937 causam

141 995 308 1072 didicerit,
337 995 422 1058 dicet
449 995 563 1059 melius
586 998 620 1059 et
644 995 789 1059 ornatius
813 1017 909 1079 quam
939 997 1007 1080 ipse
1036 994 1090 1060 ille
1122 998 1189 1080 ejus
1212 996 1258 1060 rei

140 1119 291 1184 inventor
313 1122 409 1202 atque
432 1117 580 1182 artifex.”

187 1241 281 1320 Tum,
306 1245 439 1306 utente
463 1245 595 1326 occupet
620 1242 704 1326 quod
732 1243 819 1307 videt
846 1244 984 1328 opponi:
1009 1266 1076 1308 esse
1105 1245 1260 1328 quasdam

141 1370 309 1431 oratorum
330 1366 476 1450 proprias
499 1367 674 1432 sententias
696 1371 794 1451 atque
818 1390 951 1445 causas,
978 1368 1112 1453 ideoque
1135 1374 1168 1433 et
1190 1391 1259 1435 cer-

143 1495 253 1555 tarum
273 1513 377 1555 rerum
390 1491 571 1556 forensibus
581 1490 730 1556 cancellis
743 1491 1014 1576 circumscriptam
1026 1493 1191 1558 scientiam
1200 1517 1207 1569 ;
1217 1533 1260 1542 -

143 1614 204 1680 »In
228 1615 278 1680 his
301 1615 378 1699 ipsis
402 1616 506 1693 rebus,
528 1605 644 1699 inquit,
668 1615 828 1699 permulta
844 1620 928 1694 sunt,
946 1639 1026 1701 quae
1044 1617 1099 1681 isti
1112 1618 1260 1703 magistri

143 1739 200 1824 qui
233 1738 384 1804 rhetorici
411 1741 566 1804 vocantur
594 1761 652 1802 nec
680 1738 812 1804 tradunt
845 1761 905 1804 nec
934 1740 1076 1805 tenent”.
1113 1741 1259 1806 Oratoris

142 1862 229 1926 enim
252 1883 318 1926 esse
342 1862 465 1926 animos
488 1862 653 1927 hominum
673 1884 812 1928 movere:
832 1863 991 1928 neminem
1004 1865 1104 1949 igitur
1116 1865 1259 1943 dicende,

141 1985 228 2070 quod
251 1985 331 2050 velit
354 1986 504 2070 perficere
527 2007 629 2069 posse,
648 1985 709 2049 nisi
727 1987 782 2069 qni
801 1989 932 2051 naturas
952 1987 1117 2052 hominum
1132 1989 1259 2072 vimque

141 2131 268 2176 amnem
292 2109 504 2174 humanitatis
527 2131 699 2194 causasque
723 2130 790 2186 eae,
814 2110 930 2194 quibus
953 2115 1074 2176 mentes
1100 2112 1260 2176 111111111-

141 2237 253 2298 tentur
275 2237 332 2298 aut
355 2233 560 2298 reflectantur
583 2233 712 2318 penitus
736 2234 942 2318 perspexerit.
973 2274 1014 2282 -
1038 2234 1127 2300 Juris
1151 2240 1259 2300 antem

142 2361 175 2422 et
198 2357 308 2444 legum
331 2362 365 2422 et
386 2357 432 2422 rei
456 2357 605 2422 militaris
629 2361 662 2422 et
682 2357 886 2442 physicorum
907 2363 940 2422 et
961 2358 1259 2424 mathematicorum

141 2481 276 2546 scicntia
301 2485 500 2566 quantopere
522 2481 556 2546 in
579 2482 649 2546 foro
682 2481 754 2546 usui
773 2482 825 2559 sit,
857 2482 1011 2567 exemplis
1035 2483 1138 2569 magis
1163 2506 1260 2568 quam

141 2606 339 2688 argumentis
352 2606 560 2670 demonstrat.
585 2604 844 2670 Concludendum
858 2605 973 2691 igitur:
989 2603 1120 2690 >siquis
1132 2607 1260 2671 univer-v

141 2752 211 2794 sam
230 2734 262 2795 et
284 2729 447 2815 propriam
460 2729 596 2795 oratoris
609 2730 674 2795 vim
686 2729 818 2794 definire
836 2728 916 2808 vult,
938 2730 964 2794 is
983 2734 1091 2795 orator
1115 2731 1177 2796 erit
1189 2753 1260 2795 mea

140 2855 302 2921 sententia
324 2855 386 2920 hoc
408 2858 475 2919 tam
497 2853 589 2940 gravi
612 2853 729 2938 dignus
748 2853 885 2930 nomine,
906 2854 961 2938 qui
978 2876 1196 2939 quaecumque
1209 2877 1259 2919 res

138 2979 288 3044 inciderit
310 3001 391 3062 quae
414 2979 458 3042 sit
481 2977 618 3043 dictione
643 2977 840 3062 explicanda,
853 2978 1027 3061 prudenter
1040 2982 1071 3042 et
1083 2972 1259 3062 composite

140 3107 173 3168 et
207 3104 320 3167 ornate
348 3109 381 3167 et
404 3102 589 3167 memoriter
618 3101 705 3166 dicat
736 3123 809 3165 cum
840 3102 977 3185 quadam
1002 3102 1136 3166 actionis
1160 3102 1258 3166 etiam

141 3227 334 3313 dignitatc.”
350 3233 354 3242 '

184 3350 299 3434 Neque
321 3354 428 3415 tamen
452 3349 582 3414 omnino
605 3349 716 3432 exigit,
739 3352 776 3413 ut
799 3349 902 3413 omnis
926 3352 1036 3413 orator
1052 3349 1193 3413 omnium
1208 3372 1260 3415 re-

140 3497 213 3538 rum
225 3473 390 3538 scientiam
404 3473 619 3557 perseipsum
634 3476 750 3537 teneat.
763 3472 796 3538 N
797 3495 847 3537 am
854 3472 935 3537 illud
943 3473 1060 3537 iterum
1072 3475 1257 3540 confirmat:

141 3598 268 3664 etiamsi
297 3619 379 3681 quae
402 3597 516 3662 ceteris
538 3598 570 3660 in
596 3597 719 3661 artibus
742 3600 799 3661 aut
822 3597 935 3662 studiis
958 3597 1021 3661 sita
1050 3601 1127 3660 sunt
1150 3602 1259 3662 orator

140 3723 282 3806 ignoret,
303 3725 409 3786 tamen
422 3721 472 3785 his
487 3721 525 3786 de
541 3721 637 3786 rebus
654 3721 744 3805 ipsis,
759 3761 792 3768 —
812 3743 883 3785 cum
900 3720 1088 3806 cognoverit
1101 3721 1141 3784 ab
1153 3721 1192 3786 iis
1205 3723 1260 3805 qui

141 3847 264 3922 tenent,
287 3867 368 3928 quae
391 3844 457 3908 sint
476 3845 510 3908 in
534 3865 709 3929 quoquere
732 3881 771 3891 -
786 3842 889 3909 multo
912 3843 1027 3908 melius
1051 3866 1146 3927 quam
1170 3845 1256 3929 ipsos

138 3967 224 4042 illos,
247 3989 383 4050 quorum
410 3989 465 4032 eae
492 3968 558 4032 sint
581 3971 676 4044 artes,
700 3990 767 4032 esse
798 3969 966 4033 dicturum.
992 3967 1100 4051 Atque
1124 3989 1163 4031 ex
1187 3968 1259 4051 ipsa

140 4089 345 4175 philosophia
373 4091 450 4155 duas
482 4096 588 4175 partes
619 4092 712 4156 facile
743 4090 882 4177 largitur
910 4091 1076 4155 hominum
1104 4090 1259 4168 inertiae;

142 4213 314 4278 dummodo
337 4237 374 4279 ea
398 4237 481 4298 pars,
508 4237 590 4298 quae
613 4219 662 4280 est
684 4215 722 4280 de
747 4215 812 4279 vita
836 4237 873 4279 aa
897 4215 1047 4293 moribuS,
1070 4214 1257 4284 retineatur.

145 4335 267 4411 >Quam
278 4337 416 4420 quidem,
428 4338 544 4423 inquit,
558 4338 618 4402 nisi
627 4338 816 4415 tenebimus,
829 4337 911 4401 1111111
922 4339 1042 4414 oratori
1054 4339 1086 4403 in
1100 4361 1262 4425 quomag-

143 4481 207 4524 nus
230 4481 297 4525 esse
321 4461 422 4545 possit
446 4457 688 4546 relinquimus'’
712 4500 753 4510 —
777 4460 868 4536 Quod
891 4483 966 4527 sane
990 4463 1176 4529 rectissime.
1201 4462 1263 4538 Qui
