3406 5496
977 659 1019 726 32

483 856 569 922 Illud
591 857 724 934 scilieet,
747 878 851 941 quam
863 859 949 920 arcte
971 855 1057 922 inter
1080 877 1114 920 se
1136 854 1327 922 cohaereant
1349 853 1473 918 dicendi
1487 858 1557 918 stu-

439 980 527 1046 dium
550 984 583 1044 et
606 1001 726 1065 magua
749 978 924 1046 multarum
947 1001 1054 1045 rerum
1067 980 1213 1044 scientia
1235 980 1322 1044 hisce
1338 978 1429 1042 libris
1453 977 1557 1061 expli-

439 1108 547 1179 catum
578 1103 779 1180 ostenditur,
809 1125 881 1168 cum
904 1103 983 1167 artis
1018 1106 1211 1188 praecepta,
1235 1106 1304 1167 tum
1339 1101 1556 1186 cognitionem

440 1250 550 1293 eorum
575 1249 657 1311 quae
680 1226 720 1290 ad
743 1226 843 1290 vitam
868 1227 1041 1310 pertinent,
1064 1226 1183 1291 oratori
1209 1248 1277 1291 esse
1299 1225 1491 1291 necessaria:
1509 1225 1558 1289 ita

441 1357 559 1429 tamen,
568 1354 655 1429 ut,-
673 1349 759 1433 quod
771 1352 917 1434 tempora
931 1350 1098 1434 postulant
1106 1349 1256 1416 —-multo
1267 1350 1370 1436 magis
1378 1348 1557 1414 inculcetur

441 1498 567 1561 »neque
590 1495 783 1560 quemquam
806 1474 839 1537 in
864 1495 900 1538 eo
924 1473 1077 1538 disertum
1101 1495 1169 1538 esse
1185 1495 1277 1557 posse
1295 1474 1378 1557 quod
1398 1473 1556 1548 nesciat'';

440 1623 536 1685 qnam
561 1599 698 1663 alterum
721 1597 820 1661 illud:
846 1597 979 1680 »Neque
1003 1597 1030 1660 si
1053 1597 1174 1681 optime
1197 1597 1286 1675 sciat,
1300 1598 1496 1682 ignarusque
1513 1596 1557 1688 sit

439 1723 603 1788 faciendae
633 1743 670 1785 ac
696 1720 863 1804 poliendae
899 1720 1071 1798 orationis,
1095 1720 1211 1786 diserte
1239 1721 1271 1786 id
1300 1721 1405 1805 ipsum
1422 1719 1470 1784 ,de
1493 1741 1557 1804 quo

441 1847 522 1912 sciat
544 1867 637 1931 posse
661 1844 796 1912 dicere.''
812 1843 840 1930 1)

486 1973 594 2056 Atque
624 1971 669 2035 sic
698 1968 777 2034 mihi
808 1968 1185 2051 pe1·suade0,nemiuem
1215 1972 1342 2034 attenta
1369 1971 1476 2033 mente
1499 1967 1558 2035 hos

439 2097 540 2162 libros
563 2095 689 2179 saepius
711 2093 895 2179 perlegisse,
918 2091 995 2175 quin
1020 2092 1197 2157 doctrinam
1220 2093 1319 2169 illam,
1352 2114 1449 2176 quam
1477 2091 1556 2156 dixi-

440 2246 511 2288 mus
528 2243 591 2286 non
608 2219 702 2284 modo
720 2217 781 2282 sibi
801 2215 1005 2282 vehementer
1018 2216 1225 2300 approbatam
1239 2218 1557 2299 commendatamque

364 2405 365 2409 ,
440 2347 581 2423 habeat,
615 2365 725 2408 verum
758 2340 883 2418 etiam,
919 2339 998 2403 haec
1030 2340 1138 2404 eadem
1178 2341 1240 2425 ipsi
1282 2341 1373 2424 quasi
1407 2341 1556 2424 proprius

440 2463 606 2557 χαρακτὴρ
628 2467 725 2550 hujus
748 2463 961 2529 institutionis
983 2485 1050 2528 esse
1073 2463 1229 2529 videatur.
1261 2465 1365 2540 Quum
1391 2469 1498 2529 tamen
1520 2486 1557 2528 ea

440 2598 483 2662 sit
506 2597 623 2659 natura
635 2590 846 2676 dialogorum,
871 2588 904 2652 in
928 2588 1044 2672 quibus
1067 2586 1131 2652 late
1155 2589 1298 2654 etlibere
1322 2589 1556 2667 curratoratio,

438 2721 558 2808 quippe
581 2716 697 2802 quibus
714 2714 809 2784 unica
831 2734 945 2777 norma
961 2733 1028 2776 esse
1041 2709 1123 2777 solet
1142 2710 1343 2777 Platonicum
1367 2710 1464 2776 illud:
1482 2707 1556 2800 ‘lurp

439 2839 479 2912 ἂν
502 2836 519 2906 ὃ
544 2842 639 2923 λόγος
662 2835 769 2926 ὥςπερ
793 2841 1034 2925 πνεῦμαφὲρῃ
1057 2835 1160 2925 ταύτῃ
1184 2835 1280 2914 ἰτέον,
1306 2839 1342 2900 ut
1356 2836 1463 2920 potius
1480 2858 1555 2900 con·

440 2969 598 3035 clusiones
613 2965 714 3030 ,nobis
737 2961 894 3028 insinuari
916 2964 949 3025 et
971 2961 1062 3046 quasi
1086 2961 1237 3026 instillari
1259 2960 1444 3037 sentiamus,
1460 2982 1555 3043 quam

439 3097 477 3159 ut
501 3092 651 3157 distincte
667 3087 809 3174 singulas
824 3085 974 3163 rationes,
988 3086 1104 3168 quibus
1127 3085 1202 3150 illae
1214 3085 1305 3150 nobis
1324 3084 1556 3168 persuadentur

437 3219 654 3290 observemus,
674 3211 802 3296 juvabit
823 3209 937 3294 opinor
959 3210 992 3273 in
1015 3210 1054 3274 iis
1072 3210 1283 3285 sermonibus,
1309 3206 1463 3293 quihuic
1485 3207 1555 3272 loco

436 3340 541 3427 magis
566 3337 761 3403 conveniunt
784 3333 893 3419 paullo
917 3334 1038 3398 diutius
1061 3333 1235 3398 immorari.
1260 3331 1404 3415 Cumque
1430 3331 1554 3418 longior

438 3466 481 3532 sit
506 3463 636 3529 omuino
670 3460 749 3524 haec
778 3457 939 3524 Ciceronis
965 3459 1163 3542 disputatio,
1187 3480 1283 3541 quam
1314 3460 1350 3520 ut
1372 3455 1465 3521 lacile
1487 3479 1554 3521 me·

437 3589 540 3656 moria
564 3583 865 3669 comprehendatur,
889 3583 969 3649 illud
992 3587 1157 3667 praestare
1187 3581 1392 3660 conabimur,
1416 3587 1452 3647 ut
1482 3583 1552 3646 uni·

437 3735 563 3781 versam
587 3709 820 3775 sententiarum
843 3707 956 3772 seriem
969 3710 1147 3790 repetentes
1171 3711 1204 3770 et
1226 3707 1318 3790 quasi
1337 3707 1371 3771 in
1383 3712 1554 3792 conspectu

436 3842 612 3928 ponentes,
636 3858 673 3900 ea
695 3833 882 3920 diligentius
905 3830 1178 3913 contemplemur,
1200 3853 1281 3915 quae
1305 3831 1344 3894 ad
1366 3830 1457 3896 illam
1480 3832 1553 3897 doc·

436 3965 568 4042 trinam,
580 3982 676 4046 quam
698 3957 848 4036 diximus,
860 3961 918 4021 aut
942 3954 1174 4040 explanandam
1196 3958 1253 4020 aut
1273 3956 1554 4022 commendandam

436 4088 541 4176 magis
559 4085 753 4174 pertineant.

435 4320 595 4334 ’.μ’

472 4491 723 4572 Dffiffliffi
