3432 5498
961 669 1003 736 80

423 910 487 953 non
512 886 606 955 modo
629 885 748 973 singuli
766 908 823 951 nec
846 885 943 951 semel
966 886 999 951 in
1023 886 1062 952 de
1083 886 1218 954 Oratore
1242 911 1390 974 expresso
1414 890 1548 956 nomine

424 1015 606 1091 laudentur,
628 1012 683 1078 sed
706 1011 874 1076 videantur
898 1010 1000 1076 multo
1023 1012 1160 1096 majores
1182 1012 1214 1077 in
1235 1013 1464 1096 compositione
1483 1015 1548 1080 ho-

427 1167 498 1212 rum
521 1159 703 1207 sermonum
726 1137 834 1220 partes
856 1133 1016 1214 habuisse,
1039 1158 1135 1222 quam
1159 1136 1260 1224 vnlgo
1283 1137 1432 1202 creditur.

470 1265 665 1351 Incipiamus
683 1261 751 1344 jam
775 1280 794 1323 a
816 1257 957 1344 Gorgia;
991 1259 1083 1344 cujus
1106 1263 1333 1346 argumentum
1355 1260 1470 1325 intima
1493 1265 1547 1326 est

425 1416 498 1461 cum
521 1386 682 1456 Ciceronis
704 1403 800 1468 opere
823 1380 1013 1468 cognatione
1032 1383 1250 1466 conjunctum.
1274 1382 1359 1448 Nam
1375 1385 1545 1448 utstatim

426 1516 643 1590 recordemur,
677 1530 761 1593 quae
794 1506 838 1571 sit
864 1505 1031 1589 quaestio,
1054 1527 1137 1589 quae
1164 1505 1225 1570 hoc
1259 1529 1405 1572 sermone
1439 1508 1546 1594 agite-

427 1646 491 1718 tur,
515 1637 692 1712 audiamus,
715 1631 741 1696 si
762 1629 876 1714 placet,
903 1628 1065 1694 hominem
1089 1630 1127 1695 de
1151 1630 1326 1696 Platonicis
1348 1630 1462 1695 studiis
1486 1654 1547 1716 op,-

429 1766 505 1862 time
529 1760 688 1828 meritum.
723 1753 852 1830 ›vix”,
887 1753 993 1848 inquit
1020 1753 1207 1832 Bonitzius,
1242 1755 1403 1819 »dubitari
1426 1760 1547 1839 potest,

428 1890 506 1974 quin
530 1883 698 1952 consilium
721 1884 754 1945 et
776 1881 873 1962 caput
893 1877 994 1941 totius
1013 1876 1132 1962 dialogi
1147 1877 1345 1962 exprimatur
1356 1877 1415 1959 illa
1429 1901 1548 1962 quaes-

427 2013 537 2086 tione,
560 2008 599 2071 de
622 2026 687 2090 qua
720 2024 792 2068 cum
825 1999 955 2068 Callicle
990 2001 1146 2086 disceptat
1170 2001 1332 2071 Socrates:
1357 2004 1440 2070 sitne
1474 2005 1548 2089 phi-

427 2134 576 2220 losophia
605 2131 645 2197 ad
668 2133 808 2194 mentem
831 2125 994 2205 Platonis,
1024 2148 1064 2189 an
1093 2146 1169 2190 vero
1199 2124 1360 2192 rhetorica
1389 2127 1545 2213 politica,

429 2260 534 2347 qualis
555 2262 632 2322 tunc
655 2256 743 2330 erat,
772 2250 904 2338 dignum
927 2249 1056 2318 homine
1077 2250 1229 2316 studium.
1252 2251 1278 2336 ¹)
1312 2250 1439 2317 Priores
1459 2254 1547 2318 enim

429 2403 608 2459 sermones,
630 2379 685 2464 qui
708 2399 728 2442 a
748 2375 881 2440 Socrate
904 2396 975 2439 cum
1007 2374 1129 2460 Gorgia
1159 2379 1192 2440 et
1215 2374 1294 2441 Polo
1317 2377 1547 2456 instituuntur,

428 2509 512 2577 nihil
534 2505 622 2571 aliud
645 2502 705 2568 sibi
729 2499 863 2579 volunt,
888 2519 985 2584 quam
1019 2499 1101 2564 viam
1134 2500 1285 2566 muniunt
1312 2501 1548 2584 quodammodo

429 2637 469 2702 ad
491 2634 581 2700 illam
605 2626 820 2704 senteutiam,
852 2646 935 2708 quae
961 2624 1058 2689 tertio
1085 2645 1230 2689 sermone
1264 2624 1305 2689 ab
1335 2625 1446 2690 eodem
1470 2648 1549 2710 pro-

430 2759 622 2826 nunciatur:
647 2747 959 2836 sapienti,‘oratoris
981 2747 1086 2813 olficio
1109 2752 1226 2832 spreto,
1251 2748 1285 2813 in
1309 2748 1550 2834 philosophiam

428 2906 495 2950 esse
515 2876 773 2947 incumbendum.
798 2871 913 2937 Omnia
936 2870 1044 2947 enim,
1066 2892 1148 2954 quae
1170 2872 1237 2937 sive
1265 2874 1369 2959 primo
1403 2895 1551 2939 sermone

428 3010 466 3074 de
489 3002 673 3071 definitione
697 3001 730 3064 et
751 2996 874 3061 ambitu
898 2995 1071 3060 rhetorices
1096 2995 1199 3079 deque
1222 2997 1290 3080 ejus
1313 3019 1385 3063 cum
1412 2998 1547 3064 scientia

428 3128 670 3204 necessitudine,
693 3123 760 3188 sive
782 3120 885 3186 altero
908 3141 1052 3185 sermone
1076 3121 1114 3185 de
1137 3122 1217 3197 fine,
1250 3121 1408 3200 utilitate,
1443 3122 1546 3188 hone·

427 3262 511 3324 state
524 3252 683 3321 oratoriae
695 3245 859 3312 facultatis
874 3244 1089 3330 disputantur,
1104 3285 1143 3294 -
1158 3267 1195 3310 eo
1208 3249 1365 3329 spectant,
1380 3249 1418 3309 ut
1433 3246 1467 3310 in
1479 3250 1548 3311 ter-

427 3384 473 3448 tia
497 3376 709 3445 collocutione
721 3369 947 3437 concludatur:
964 3367 1130 3452 indignum
1149 3391 1216 3434 esse
1229 3368 1443 3456 sophistarum
1457 3393 1548 3437 more

428 3501 658 3588 rempublicam
671 3516 834 3580 capessere
846 3497 879 3557 et
897 3492 1097 3557 orationibus
1110 3515 1238 3577 operam
1251 3515 1384 3571 navare;
1406 3494 1461 3559 sed
1475 3516 1544 3559 orn·

431 3631 508 3696 nino
530 3620 821 3710 philosophandum
833 3639 900 3683 esse
912 3638 1001 3682 more
1013 3615 1185 3696 Socratico,
1202 3640 1265 3682 non
1282 3619 1366 3682 enirn
1379 3618 1546 3703 voluptate

427 3753 482 3819 sed
505 3751 674 3816 honestate
697 3746 853 3810 bonorum
876 3743 956 3806 fines
980 3741 1146 3806 contineri.
1170 3740 1262 3817 Quod
1284 3763 1355 3806 cum
1368 3746 1450 3806 esset
1469 3764 1545 3826 pro·

426 3876 567 3964 positum
591 3894 684 3937 omne
706 3869 794 3935 illius
816 3866 954 3953 dialogi:
979 3866 1065 3932 haud
1084 3870 1204 3930 temere
1233 3864 1378 3950 profecto
1412 3864 1545 3930 Crassus

425 4002 460 4067 in
485 3997 645 4087 principio
670 3991 694 4058 p
716 3992 791 4059 libri
814 3992 852 4056 de
876 3990 1023 4069 Oratore,
1046 3990 1102 4054 ubi
1125 3989 1332 4071 Scaevolam,
1360 3991 1399 4054 de
1420 3990 1545 4056 ambitu

426 4132 459 4193 et
482 4123 641 4210 dignitate
664 4115 866 4201 eloquentiae
890 4114 1110 4180 detrahentem
1127 4114 1228 4190 audit,
1244 4112 1354 4178 statim
1375 4113 1545 4180 Platonem
1627 4120 1629 4124 ’

428 4252 564 4317 »harum
593 4244 847 4331 disputationum
882 4241 1082 4305 inventorem
1106 4241 1138 4303 et
1168 4237 1366 4322 prinoipem''
1400 4239 1544 4323 profert:

425 4413 585 4425 ...nu—nc·—

463 4519 492 4594 1)
510 4517 602 4573 Bonitz
621 4515 689 4570 Plat.
709 4512 783 4568 Stud.
801 4529 828 4586 p.
847 4512 891 4566 33.
911 4508 958 4563 olr.
978 4505 1059 4582 Gorg.
1078 4524 1106 4580 p.
1124 4506 1185 4563 500.
