3406 5496
685 659 727 730 25

149 853 277 944 monem
296 876 466 962 quemdam
489 877 527 944 de
549 875 656 943 studio
678 875 803 941 dicendi
827 871 991 949 intulisse3
1023 871 1078 959 qui
1113 895 1186 939 cum
1208 869 1267 938 sita

151 1005 236 1068 esset
267 1023 397 1066 exorsus
433 1023 459 1068 e.
496 1024 527 1086 q.
563 1002 610 1066 s.''
644 1040 688 1050 —
723 1001 815 1085 quasi
849 998 982 1082 antiqua
1016 998 1073 1062 illa
1108 997 1268 1080 colloquia

149 1124 203 1190 hic
226 1126 265 1190 ad
289 1126 422 1190 verbum
445 1126 676 1210 exprimantur,
699 1148 736 1190 ac
760 1129 865 1190 totum
889 1145 969 1208 opus
992 1121 1104 1186 rivulis
1139 1121 1177 1185 ad
1209 1142 1268 1184 nos

150 1249 320 1314 deductum
337 1250 389 1327 sit,
402 1273 460 1315 nec
472 1251 562 1316 velut
574 1273 591 1315 e
604 1250 698 1334 pleno
710 1251 800 1316 fonte
811 1272 850 1314 ex
863 1247 1023 1314 Ciceronis
1036 1246 1142 1331 capite
1157 1268 1268 1311 mena·

149 1373 205 1437 rit.
217 1371 319 1457 Atqui
336 1396 398 1438 non
411 1374 458 1438 ita
469 1378 527 1439 est.
541 1375 593 1439 Ab
605 1375 675 1459 ipso
688 1375 831 1458 accipere
843 1374 929 1451 licet,
942 1371 1069 1457 qualern
1084 1370 1267 1436 libertatem

149 1496 212 1562 sibi
234 1495 268 1562 in
291 1494 474 1577 huiusmodi
498 1499 697 1564 sermonibus
716 1500 873 1586 fingendis
889 1518 1069 1563 concessam
1082 1496 1267 1560 arbitretur.

195 1620 294 1686 Initio
325 1621 409 1685 enim
440 1643 550 1686 eorum
585 1644 667 1706 quae
695 1624 732 1687 de
767 1646 801 1687 re
836 1621 966 1706 publica
999 1621 1143 1705 scripsit:
1179 1619 1269 1685 »Nec

151 1767 227 1810 vero
250 1750 361 1812 nostra
384 1745 561 1828 quaedam,
595 1747 716 1831 inquit,
752 1751 800 1812 est
834 1747 1031 1812 instituenda
1064 1768 1147 1810 nova
1182 1749 1215 1809 et
1249 1765 1268 1810 a·

150 1869 245 1935 nobis
278 1870 410 1934 inventa
445 1871 546 1949 ratic,
582 1873 636 1936 sad
671 1873 766 1936 unius
796 1873 911 1936 aetatis
947 1873 1195 1937 clarissimorum
1231 1891 1268 1934 ac

150 1993 459 2078 sapientissimorum
484 1999 611 2060 nostrae
635 1997 775 2062 civitatis
799 1997 938 2062 virorum
970 1996 1143 2080 disputatio
1176 2016 1268 2078 repe·

151 2117 248 2182 tenda
271 2119 424 2183 memoria
446 2123 513 2197 est,
537 2121 721 2203 quaemihi
745 2121 867 2204 tibique
896 2121 1056 2204 quondam
1087 2119 1268 2184 adolescen-

151 2241 221 2306 tulo
244 2247 293 2306 eet
317 2265 336 2306 a
358 2229 394 2306 P.
418 2243 543 2308 Rutilio
554 2245 652 2322 Rufo,
671 2245 826 2329 Zmyrnae
838 2267 910 2309 cum
923 2243 1018 2309 simul
1031 2265 1169 2308 essemus
1181 2264 1267 2307 com·

151 2365 260 2450 plures
282 2367 358 2444 dies,
388 2369 566 2451 exposita''.
590 2367 617 2454 1)
652 2369 696 2434 Et
730 2391 840 2435 revera
874 2368 1047 2433 Africanus
1082 2371 1115 2432 et
1138 2364 1267 2430 Laelius

151 2512 325 2575 eorumque
347 2493 495 2575 aequales
519 2493 665 2577 deinceps
687 2491 855 2577 loquentes
885 2493 1092 2559 inducuntur.
1121 2492 1266 2574 Apparet

151 2618 259 2678 autem
282 2636 322 2678 ex
345 2616 482 2702 quadam
507 2615 643 2700 epistola
668 2617 706 2681 ad
729 2618 873 2696 fratrem,
897 2616 1081 2683 Ciceronem
1094 2615 1266 2700 aliquando

150 2760 222 2803 cum
245 2737 319 2802 illos
342 2739 443 2805 libros
464 2741 635 2818 scriberet,
660 2764 769 2806 omnes
792 2742 865 2806 illos
893 2764 1055 2807 sermones
1090 2741 1150 2806 sibi
1185 2739 1267 2804 suis-

149 2884 212 2946 que
235 2863 422 2946 aequalibus
445 2865 604 2931 tribuisse.
617 2866 793 2951 Postquam
806 2867 889 2931 enim
901 2888 1005 2931 sermo
1018 2866 1185 2931 institutus
1197 2866 1267 2928 erat

150 2987 295 3051 Africani
317 2988 428 3072 paullo
451 2993 527 3053 ante
550 2994 695 3068 mortem,
719 2995 752 3054 et
775 2989 872 3068 Phili,
895 2990 1032 3068 Manilii,
1056 2987 1268 3054 &Tuberonis

150 3116 183 3177 et
206 3111 307 3177 Laelii
330 3135 539 3200 generorum,
564 3112 679 3178 Fannii
702 3118 734 3179 et
758 3112 928 3179 Scaevolae
951 3113 1154 3178 »admonitus
1178 3133 1266 3187 sum,

150 3236 273 3320 inquit,
291 3237 332 3301 ab
354 3236 412 3301 illo
435 3236 603 3324 (Salustio)
628 3237 729 3302 multo
761 3237 880 3302 maiore
904 3238 1096 3302 auctoritate
1130 3234 1194 3299 illis
1229 3233 1267 3298 de

150 3362 247 3428 rebus
271 3361 333 3426 dici
355 3384 464 3445 posse,
489 3362 516 3426 si
539 3361 607 3445 ipse
629 3359 777 3444 loquerer
800 3360 838 3425 dc
863 3359 1045 3444 republica,
1079 3355 1267 3442 praesertim

149 3509 223 3551 cum
247 3507 347 3551 essem
372 3508 435 3550 non
459 3485 643 3550 Heraclides
667 3485 819 3550 Ponticus
842 3484 897 3550 sed
920 3484 1095 3549 consularis
1112 3487 1144 3548 et
1157 3483 1195 3560 is,
1211 3480 1266 3566 qui

149 3611 182 3675 in
205 3610 351 3674 maximis
376 3613 520 3675 versatus
543 3611 576 3674 in
600 3633 634 3675 re
657 3610 785 3694 publica
808 3610 902 3674 rebus
933 3631 1048 3685 essem;
1084 3631 1165 3693 quae
1200 3611 1268 3671 tam

149 3734 292 3819 antiquis
315 3734 498 3800 homiuibus
521 3735 742 3811 attribuerem,
765 3757 802 3798 ea
825 3734 927 3798 visum
951 3733 990 3797 iri
1014 3734 1181 3805 lictaesse3
1195 3752 1267 3795 ora·

149 3863 257 3926 torum
280 3881 458 3924 sermonem
482 3859 516 3923 in
540 3859 663 3924 nostris·
681 3857 784 3936 libris,
808 3858 893 3941 quod
917 3864 1001 3923 esset
1022 3859 1060 3922 de
1081 3856 1205 3920 ratione
1219 3856 1267 3920 di-

150 3983 252 4062 cendi,
276 3983 357 4048 belle
381 4007 401 4046 a
421 4006 471 4048 me
496 3985 680 4058 removisse;
704 3984 744 4048 ad
768 4006 822 4049 eos
846 3990 953 4048 tamen
988 3981 1151 4047 rettulisse
1185 4003 1266 4063 quos

150 4111 219 4195 ipse
243 4108 422 4173 vidissem.”
447 4110 472 4194 ²)
495 4108 540 4173 Ut
563 4109 596 4172 in
620 4107 818 4172 Academicis
835 4107 931 4171 etiarn
947 4105 1098 4169 tractatio
1115 4104 1170 4167 illa
1186 4126 1268 4191 quae

186 4413 215 4476 1)
234 4409 273 4466 De
293 4411 360 4481 Rep.
379 4413 398 4466 Ι.
418 4416 461 4466 13.

187 4497 522 4578 QMleffib
