3406 5496
1007 647 1048 713 12

463 839 564 907 libros
586 861 659 906 snos
681 839 748 906 fere
771 861 899 920 omnes,
922 861 994 906 cnm
1016 841 1055 908 de
1082 841 1222 910 oratoria
1251 840 1423 920 facultate,
1445 843 1517 907 tum
1543 838 1585 906 de

463 966 639 1051 sapientiae
661 965 767 1030 studio
782 965 940 1044 edidisset,
964 988 1027 1031 non
1051 968 1119 1034 sine
1132 969 1221 1053 justa
1236 967 1374 1053 quadam
1387 965 1584 1052 gloriatione
1676 993 1677 1028 i

465 1090 646 1158 exantlatos
676 1090 801 1155 labores
828 1091 1021 1174 respiciens:
1057 1091 1250 1168 »Quaerenti
1273 1090 1353 1156 mrhi
1380 1089 1588 1174 multamque
1676 1077 1677 1084 ¹

465 1219 498 1280 et
531 1215 586 1279 diu
619 1214 798 1301 cogitanti,
826 1236 965 1300 quanam
990 1237 1024 1280 re
1047 1237 1170 1301 possem
1197 1213 1353 1300 'prodesse
1387 1235 1483 1298 quam
1514 1214 1589 1298 plu-

465 1339 566 1423 rimis,
589 1339 774 1424 nequando
796 1339 1043 1405 intermitterem
1066 1339 1232 1405 consulere
1255 1337 1475 1424 reipublicae,
1496 1339 1592 1404 nulla

466 1463 571 1546 major
593 1462 781 1526 occurrebat
802 1484 898 1548 quam
922 1463 950 1528 si
972 1465 1167 1548 optimarum
1190 1464 1310 1529 artium
1336 1464 1404 1529 vias
1429 1463 1591 1529 traderem

465 1586 544 1650 meis
568 1585 708 1650 civibus:
733 1586 820 1670 quod
842 1586 1059 1672 compluribus
1078 1589 1147 1673 jam
1170 1588 1261 1654 libris
1280 1610 1330 1654 me
1352 1588 1493 1653 arbitror
1503 1587 1591 1675 {con-

466 1710 643 1774 secutum.”
675 1709 757 1776 Dein
781 1712 976 1776 enumeratis
1006 1712 1072 1776 »nis
1105 1712 1144 1778 de
1174 1711 1379 1798 philosophia
1410 1711 1518 1777 libris:
1545 1750 1587 1760 -

467 1833 652 1913 Hortensio,
663 1833 872 1913 Academicis,
884 1834 922 1900 de
934 1835 1076 1909 Finibus,
1090 1835 1371 1922 Disputationihus
1382 1833 1588 1911 Tusculanis,

466 1959 505 2022 de
523 1957 650 2024 Natura
669 1957 811 2036 deorum,
827 1957 865 2022 de
877 1956 1056 2035 Senectute,
1081 1959 1120 2024 de
1142 1958 1191 2024 Ite
1210 1959 1388 2044 publica-
1403 1960 1449 2024 sic
1472 1959 1588 2024 scriem

466 2079 557 2146 illam
585 2081 766 2147 concludit:
803 2081 927 2146 »nostri
954 2104 1082 2167 quoque
1112 2083 1245 2148 oratorii
1278 2083 1354 2148 libri
1383 2083 1416 2148 in
1452 2082 1588 2148 eundem

467 2227 636 2270 numerum
654 2205 811 2271 referendi
826 2206 989 2272 videntur:
1013 2207 1060 2272 ita
1083 2211 1147 2272 tres
1160 2212 1255 2273 erunt
1277 2208 1315 2272 de
1332 2206 1476 2286 Oratore,
1490 2230 1589 2292 quar-

467 2333 521 2395 tus
544 2329 682 2410 BrutuS,
706 2331 840 2416 quintus
863 2330 1012 2397 Orator.''
1028 2330 1055 2418 ¹)

514 2454 573 2520 Hic
596 2454 658 2519 nisi
681 2456 789 2520 omnia
810 2478 862 2521 me
884 2455 1004 2520 fallunt
1025 2455 1180 2522 habemus
1200 2456 1286 2542 quod
1302 2455 1467 2532 volumns;
1485 2477 1591 2541 neque

468 2578 535 2644 ulla
570 2584 620 2645 est
650 2580 748 2658 ratio,
775 2601 833 2646 cur
858 2602 923 2645 non
955 2581 1120 2646 credamus
1143 2579 1289 2647 Ciceroni
1322 2579 1384 2666 ipsi
1418 2579 1587 2645 consilium

468 2727 561 2769 suum
600 2709 710 2789 aperte
749 2705 964 2791 significanti:
994 2705 1039 2771 Ut
1074 2706 1120 2772 rei
1146 2705 1293 2790 publicae
1320 2705 1500 2770 consuleret
1530 2727 1590 2789 op·

467 2829 620 2895 timarum
645 2830 763 2895 artium
786 2829 854 2895 vias
880 2831 947 2895 suis
969 2831 1091 2896 civibus
1109 2831 1235 2896 tradere
1257 2853 1291 2896 se
1315 2829 1463 2896 voluisse.
1484 2828 1589 2893 »Mihi

467 2953 616 3038 quidem”
640 2993 681 3004 -
710 2951 759 3019 ait
790 2955 900 3019 eodem
934 2953 1004 3020 loco
1035 2993 1073 3004 -
1106 2953 1332 3039 »explicandae
1364 2952 1588 3039 philosophiae

468 3100 595 3143 causam
619 3078 737 3143 adtulit
760 3101 853 3144 casus
876 3079 983 3164 gravis
1005 3079 1154 3156 civitatis,
1176 3100 1249 3143 cum
1265 3078 1300 3142 in
1323 3076 1421 3142 armis
1441 3076 1588 3142 civilibus

468 3225 525 3268 nec
549 3204 632 3268 tueri
655 3226 726 3269 meo
750 3225 837 3268 more
849 3225 914 3268 rem
929 3202 1102 3288 publicam,
1125 3225 1183 3268 nec
1205 3203 1287 3269 nihil
1310 3224 1405 3289 agere
1428 3207 1587 3289 poteram,

467 3349 525 3392 nec
548 3328 625 3411 quid
654 3327 775 3410 potius,
803 3327 889 3412 quod
920 3327 1049 3412 quidem
1081 3349 1132 3392 me
1162 3328 1294 3415 dignum
1327 3330 1429 3405 essct,
1459 3348 1587 3413 agerem

467 3449 695 3534 reperiebam.’'
719 3451 810 3516 Tunc
833 3450 916 3515 enim
948 3473 1055 3515 secum
1086 3450 1250 3537 cogitabat
1280 3450 1382 3529 illud,
1411 3451 1496 3536 quod
1520 3454 1587 3516 tam

467 3574 596 3660 egregie
608 3596 681 3639 cum
695 3575 809 3639 ceteris
833 3575 860 3658 ej
866 3597 901 3638 us
921 3574 1013 3639 dictis
1025 3574 1181 3659 factisque
1193 3572 1405 3640 consonabat:
1416 3615 1456 3624 --
1471 3576 1585 3652 »Quod

467 3696 551 3762 enim
581 3720 697 3762 munus
725 3698 770 3762 rei
803 3696 969 3782 publicae,
998 3697 1123 3788 inquit,
1153 3699 1277 3763 adferre
1301 3699 1404 3783 majus
1433 3699 1584 3765 meliusve

466 3844 652 3906 possumus,
675 3844 772 3905 qnam
795 3822 821 3887 si
845 3822 994 3886 docemus
1018 3825 1115 3906 atque
1139 3821 1300 3888 erudimus
1319 3824 1544 3908 juventutem'
1560 3828 1586 3910 ²)

466 3945 581 4030 Itaque
596 3945 661 4011 alio
673 3946 810 4031 quodam
821 3945 910 4010 loco:
930 3945 1111 4029 »pristinis,
1135 3946 1258 4030 inquit,
1275 3925 1381 4012 orbati
1400 3948 1584 4014 muneribus

468 4069 548 4134 haec
564 4069 670 4134 studia
690 4091 845 4135 renovare
874 4068 1054 4153 coepimus,
1083 4073 1175 4134 utet
1199 4069 1325 4135 animus
1348 4070 1502 4137 molestiis
1526 4071 1586 4138 hac

503 4395 530 4456 1)
550 4391 590 4447 Ile
607 4393 667 4448 Diu.
687 4395 705 4447 l.
725 4392 757 4448 ll.
777 4398 801 4448 l.
854 4433 856 4438 .

504 4483 533 4546 1)
551 4481 617 4539 ibid.
