3432 5498
428 839 544 930 quibus
577 839 611 908 in
633 839 728 909 rebus
751 843 783 908 et
806 862 869 929 quo
896 842 970 927 jure
992 861 1012 908 a
1034 840 1183 931 magistri
1214 841 1360 910 doctrina
1383 844 1549 914 recesserit

427 965 563 1032 Tullius.
602 965 705 1052 Atqui
727 967 926 1044 sententiae,
950 989 1030 1052 quas
1053 967 1148 1033 modo
1176 967 1389 1049 contulimus,
1422 970 1455 1034 id
1483 992 1549 1054 quo

428 1090 566 1155 maxime
577 1091 726 1156 differant
734 1090 820 1155 hand
828 1089 960 1155 obscure
969 1090 1162 1176 significant.
1174 1090 1269 1158 Plato
1282 1091 1467 1160 dialecticae
1480 1118 1550 1160 om·

429 1214 479 1277 nis
492 1214 666 1298 sapientiae
678 1217 774 1298 atque
783 1213 934 1279 scientiae
945 1215 1160 1298 principatum
1169 1217 1322 1284 concedit.
1337 1217 1419 1293 uuio
1427 1223 1476 1284 est
1487 1219 1549 1304 igi-

430 1344 484 1405 tur
496 1338 581 1421 quod
594 1336 713 1414 Cicero,
726 1338 854 1402 ctribus
864 1337 1084 1422 philosophice
1092 1339 1250 1423 partibus,
1263 1363 1327 1406 non
1338 1364 1407 1407 eam
1420 1347 1549 1408 tantum

431 1482 513 1547 qnae
521 1464 569 1524 est
580 1461 638 1524 »de
646 1465 781 1526 naturae
789 1461 1005 1526 obscuritate*
1016 1462 1070 1526 sed
1080 1463 1294 1530 ›disserendi'’
1303 1465 1413 1543 etiam,
1426 1465 1550 1530 »subti-

430 1585 578 1650 litatem''
591 1585 685 1650 facile
692 1585 990 1671 largieturinertiee
1002 1587 1151 1650 nostrae?
1164 1585 1248 1652 Fieri
1256 1591 1311 1673 qui
1319 1593 1437 1672 potest,
1450 1589 1550 1674 utqui

432 1713 600 1794 tantopere
613 1710 812 1775 commendet
822 1709 1023 1793 sapientiem,
1042 1730 1080 1773 ex
1100 1710 1187 1774 omni
1201 1711 1358 1795 sapientia
1370 1718 1437 1778 tam
1455 1712 1550 1777 facile

432 1834 522 1900 illam
533 1837 658 1918 partem
675 1832 797 1920 negligi
813 1833 967 1916 patietur,
978 1853 1060 1914 quae
1073 1872 1113 1879 -
1127 1837 1164 1896 nt
1175 1833 1243 1916 ipse
1255 1836 1288 1900 in
1304 1837 1495 1903 Tusculanis
1509 1875 1549 1885 -

436 1981 514 2042 »per
548 1979 657 2024 omnes
679 1962 788 2054 partes
812 1956 987 2040 sapientiae
1010 1960 1120 2020 menet
1141 1960 1175 2021 et
1196 1958 1352 2037 funditur,
1375 1983 1458 2045 quae
1482 1983 1549 2025 rem

435 2082 569 2160 definit,
592 2103 711 2167 genera
729 2081 896 2163 dispertit,
920 2080 1085 2162 sequentia
1108 2080 1278 2166 adjungit,
1311 2085 1453 2167 perfecta
1475 2104 1551 2147 con·

435 2204 545 2281 cludit,
570 2226 644 2268 vera
668 2208 701 2268 et
723 2203 806 2268 falsa
828 2203 992 2287 dijudicat,
1017 2203 1190 2268 disserendi
1213 2206 1351 2270 ratioet
1374 2205 1550 2271 seientia?”

481 2328 623 2412 Saepius,
648 2328 762 2405 fateor,
786 2326 926 2392 mirabar
938 2325 1137 2391 dialecticam
1157 2350 1222 2392 non
1235 2329 1341 2393 acrius
1357 2331 1389 2394 in
1402 2327 1552 2394 oratoriis

435 2452 522 2516 hisce
544 2452 636 2516 libris
659 2452 780 2517 oratori
804 2449 972 2525 vindicari;
995 2450 1090 2534 idque
1115 2472 1152 2515 eo
1172 2453 1283 2537 magis,
1307 2453 1393 2536 quod
1412 2453 1448 2516 in
1467 2451 1550 2514 libro

436 2576 492 2661 qui
516 2576 701 2641 inscribitur
721 2574 881 2640 »Orator'’
906 2573 1016 2639 Cicero
1040 2595 1108 2638 eam
1132 2575 1224 2657 qussi
1246 2576 1412 2659 potissimo
1428 2575 1499 2639 loeo
1517 2573 1551 2636 in

437 2700 619 2784 eloquentis
641 2696 855 2783 suppellectili
879 2683 987 2780 ponat.
1021 2697 1143 2775 elisee,
1174 2698 1301 2782 inquit,
1324 2700 1465 2783 perfecte
1487 2696 1553 2762 elo·

399 2877 400 2880 ,
436 2824 563 2908 quentis
591 2826 670 2907 puto
698 2844 764 2887 non
791 2843 860 2886 eam
889 2820 991 2886 solem
1021 2820 1208 2887 facultatem
1238 2821 1374 2900 habere,
1406 2844 1488 2907 quae
1511 2821 1553 2885 sit

436 2949 505 3033 ejus
528 2948 677 3032 propria,
704 2947 773 3011 fuse
797 2945 927 3030 lateque
948 2945 1093 3021 dicendi,
1118 2944 1293 3010 sedetiam
1322 2947 1460 3012 vicinam
1484 2945 1553 3028 ejus

436 3074 535 3157 atque
557 3070 727 3135 finitimam
750 3069 987 3137 dialecticorum
1010 3068 1176 3133 scientiam
1198 3071 1391 3135 assumere.''

480 3196 635 3261 Attamen
661 3217 765 3280 neque
788 3216 807 3259 a
830 3194 933 3276 seipso
957 3191 1109 3268 dissidet,
1137 3213 1196 3257 nec
1219 3197 1338 3258 temere
1362 3197 1419 3258 aut
1441 3193 1553 3258 incon·

437 3320 521 3385 sulto
555 3319 596 3383 ab
630 3340 668 3384 eo
690 3318 858 3395 dissentit,
889 3339 962 3381 cum
989 3337 1053 3400 quo
1082 3337 1190 3381 errare
1213 3318 1335 3383 mavult
1369 3319 1420 3404 (ut
1450 3317 1497 3382 eit
1519 3317 1554 3380 in

438 3442 642 3528 Tusculanis)
662 3441 688 3528 ¹)
713 3462 810 3525 quam
832 3461 904 3505 cum
928 3439 1061 3504 minutis
1092 3438 1293 3524 philosophis
1318 3462 1394 3505 vera
1424 3429 1554 3505 sentire.¹

483 3565 565 3632 Vide
593 3565 670 3650 quid
697 3566 743 3629 rei
766 3563 818 3631 sit.
852 3561 929 3628 Fuit
960 3584 1036 3629 sans
1072 3561 1201 3627 Platoni
1227 3564 1417 3647 gravissima
1445 3586 1555 3640 cansa,

439 3715 495 3759 cur
518 3693 654 3756 maxime
677 3691 845 3755 extolleret
869 3688 958 3754 illam
982 3688 1203 3772 philosophice
1226 3692 1361 3772 partem,
1382 3687 1472 3771 eujus
1488 3687 1556 3770 ipse

440 3817 531 3902 qussi
541 3816 661 3900 primus
670 3817 780 3878 auctor·
789 3813 985 3879 exstititerit.
995 3799 1262 3897 Postquam'enim
1269 3811 1365 3894 prisci
1373 3809 1557 3894 philosophi

440 3943 474 4006 in
507 3940 575 4005 sola
604 3937 798 4003 obscuritate
829 3942 963 4001 naturae
991 3936 1108 4002 versati
1142 3940 1240 4013 sunt,
1271 3933 1418 4000 Socrates
1448 3937 1556 3997 autem

441 4066 479 4130 de
502 4064 569 4129 vita
592 4066 626 4127 et
649 4060 790 4126 moribus
815 4061 970 4144 rebusque
994 4061 1085 4125 bonis
1110 4066 1142 4125 et
1165 4059 1257 4125 malis
1280 4056 1461 4145 quaerendo
1484 4055 1558 4140 phi·

482 4454 506 4525 1)
525 4454 545 4511 1.
564 4457 608 4509 ιι.
626 4455 660 4509 cf.
679 4454 743 4509 rna
762 4451 793 4507 v.
814 4454 850 4505 n
866 4454 893 4506 st
909 4449 953 4505 or.
971 4451 1032 4505 nc.
