3432 5498
963 629 1028 702 110

432 838 575 910 moribus
606 836 836 908 diversissimas
866 844 1042 910 sententies
1071 847 1225 914 docuisse.
1260 844 1335 914 Ideo
1368 847 1403 916 iu
1438 869 1548 918 eorum

430 971 536 1034 cestra
558 990 591 1034 se
616 967 764 1046 contulit,
780 968 868 1032 -id
891 969 977 1053 quod
996 969 1029 1034 in
1053 968 1252 1038 Academicis
1274 972 1548 1056 disputationibus

430 1091 557 1176 saepius
574 1091 735 1177 signifieat
752 1112 884 1175 -quos
907 1092 1062 1176 cumipse
1076 1092 1114 1156 de
1132 1097 1222 1158 certa
1236 1116 1344 1160 rerum
1360 1096 1547 1182 cognitione

429 1213 621 1299 acquirenda
643 1213 772 1279 videbat
794 1213 980 1298 desperare:
1009 1215 1216 1282 Academicos
1239 1218 1320 1297 dico,
1341 1220 1397 1302 qui
1419 1221 1549 1306 regulus

430 1336 469 1402 de
491 1358 567 1403 vero
588 1336 733 1422 falsoque
750 1335 915 1421 judicandi
937 1338 1238 1423 parvipendebant,
1261 1341 1426 1425 satiusque
1450 1343 1548 1408 duee-

429 1461 508 1526 bant
529 1461 613 1526 iuter
635 1458 741 1524 varias
763 1459 941 1526 sententies
962 1460 1002 1526 iis
1025 1465 1180 1545 tanquam
1201 1463 1426 1530 verisimilibus
1438 1489 1547 1532 essen-

428 1584 498 1663 tiri,
522 1606 604 1668 quae
626 1581 754 1670 vulgari
777 1583 965 1668 prudentiae
988 1585 1093 1671 magis
1115 1586 1339 1668 probarentur.

482 1707 589 1794 Atque
618 1706 695 1773 hinc
732 1707 859 1773 demum
893 1712 1028 1793 apparet
1061 1708 1155 1774 Plato
1189 1712 1222 1772 et
1249 1708 1360 1780 Cicero
1398 1713 1545 1796 quamvis

426 1838 561 1918 uterque
584 1830 796 1916 »sapientiam
807 1829 954 1896 omnem‘'
978 1830 1119 1914 perfecto
1132 1831 1252 1895 oratori
1265 1833 1426 1900 vindicent
1442 1858 1542 1919 quam

426 1956 524 2043 longo
558 1958 665 2019 tumen
709 1953 881 2020 intervallo
915 1953 1000 2018 inter
1037 1976 1071 2019 se
1105 1954 1235 2018 distent.
1283 1954 1428 2022 Platonis
1468 1959 1540 2043 opi·

424 2079 520 2146 uione
542 2076 700 2162 sapientis
733 2080 782 2142 est
804 2076 911 2154 nulla,
943 2077 1004 2142 nisi
1029 2099 1126 2162 quam
1149 2079 1316 2145 dialectica
1340 2102 1396 2146 seu
1431 2081 1540 2165 philo·

424 2204 555 2289 sophica
577 2200 797 2286 disquisitione
820 2203 1044 2286 acceperimus,
1068 2201 1158 2266 nulla
1180 2204 1323 2290 cognitio
1334 2204 1474 2287 alicujus
1490 2208 1540 2269 est

423 2327 531 2413 pretii,
553 2326 615 2390 nisi
637 2325 680 2389 sit
701 2325 893 2390 certissima:
916 2346 999 2409 quae
1023 2346 1062 2388 ex
1084 2346 1229 2390 sermone
1254 2323 1389 2392 aliorum
1403 2327 1537 2392 auribus

424 2450 622 2538 percepimus
661 2451 720 2512 aut
749 2446 783 2511 iu
814 2446 906 2511 libris
937 2447 1075 2533 legimus
1097 2449 1138 2512 ad
1172 2453 1293 2515 certam
1321 2450 1540 2536 cognitionem

423 2574 595 2661 perducere
618 2593 682 2638 nou
705 2575 850 2656 possunt.
874 2570 1037 2656 Sapientia
1060 2593 1135 2636 vero
1157 2571 1236 2651 illa,
1257 2595 1354 2657 quum
1377 2594 1539 2639 commen·

423 2699 479 2762 dat
502 2695 634 2773 Cicero,
661 2695 695 2759 iu
725 2694 901 2760 multorum
928 2699 1025 2779 utque
1057 2717 1247 2782 magnarum
1268 2718 1382 2784 ,rerum
1405 2697 1540 2762 scientis

420 2822 614 2898 continetur,
636 2818 788 2885 siminus
808 2823 896 2884 certe
918 2819 1080 2885 stsaltem
1093 2819 1263 2904 probabili.
1289 2819 1351 2897 Qui
1363 2820 1538 2886 rectissime

422 2945 551 3030 quidem
563 2942 691 3020 statuit,
703 2963 776 3007 cum
788 2942 910 3008 rideret
921 2941 1046 3008 nullum
1069 2943 1234 3031 ingenium
1246 2944 1325 3010 satis
1350 2944 1474 3030 pollere
1496 2945 1537 3008 ad

420 3067 666 3153 comperandum
690 3087 746 3150 per
775 3087 809 3130 se
832 3065 937 3149 ipsum
969 3066 1112 3132 omnium
1135 3088 1242 3132 rerum
1265 3066 1454 3146 seientiam,
1477 3089 1537 3132 nec
1653 3121 1656 3124 .

420 3191 597 3257 humanum
618 3189 717 3254 vitam
741 3189 782 3253 ad
805 3189 837 3254 id
860 3190 1023 3267 sufficere,
1049 3190 1145 3254 etiem
1163 3190 1319 3255 audiendo
1342 3190 1536 3276 sapientium

420 3335 598 3393 sermones,
621 3314 784 3396 librosque
807 3312 944 3400 legendo
970 3312 1146 3379 multarum
1177 3336 1284 3379 rerum
1305 3313 1456 3379 notitiem
1480 3334 1534 3378 sc·

416 3440 502 3524 quiri
521 3454 638 3524 ‘posse
673 3438 776 3514 Quam
806 3437 910 3503 multe
942 3437 1027 3502 enim
1063 3437 1160 3503 etism
1194 3459 1233 3502 ex
1268 3437 1429 3502 communi
1464 3436 1534 3520 opi·

419 3565 514 3628 niune
540 3563 682 3648 accipere
705 3561 798 3637 licet;
835 3582 933 3644 quam
963 3581 1028 3624 non
1051 3582 1125 3626 raro
1160 3560 1257 3624 etiem
1292 3558 1379 3624 hisce
1402 3559 1462 3625 riis
1492 3558 1533 3624 ud

417 3691 538 3754 certam
568 3686 783 3771 cognitionem
810 3685 977 3750 ducimur!
1012 3681 1112 3767 Saepe
1136 3681 1220 3747 enim
1240 3682 1444 3767 perspicuum
1471 3685 1532 3761 est,
1624 3733 1629 3741 .

416 3814 541 3878 tautam
564 3830 633 3875 erse
654 3810 689 3874 in
718 3807 902 3874 auctoribus
924 3808 1088 3873 doctrinae
1112 3807 1237 3892 copiam
1264 3810 1455 3892 tentumque
1476 3829 1531 3873 ve-

415 3934 521 4000 ritatis
543 3932 696 4012 studium,
712 3936 750 3996 ut
772 3953 882 3998 eorum
905 3930 991 3996 dictu
1013 3953 1123 3997 arere
1146 3931 1289 3998 recedere
1312 3953 1377 3996 non
1391 3931 1530 4015 possint;

414 4057 525 4124 multis
554 4076 681 4141 quoque
709 4055 744 4120 in
778 4054 873 4119 rebus
906 4053 1032 4121 facilius
1055 4058 1104 4120 est
1125 4054 1247 4121 auditis
1269 4054 1407 4120 aliorum
1430 4054 1530 4120 retio-

414 4181 509 4246 uibus
539 4177 732 4262 dijudicare,
763 4183 873 4244 utrum
897 4182 985 4244 recte
1016 4180 1060 4244 eit
1094 4176 1255 4244 conclusio
1285 4200 1404 4257 necne,
1431 4199 1528 4263 quam

414 4323 472 4388 per
494 4324 528 4368 se
550 4301 655 4386 ipsum
678 4299 860 4366 disserendo
882 4299 921 4365 de
942 4301 1054 4367 iisdem
1077 4302 1357 4388 rebusquidquum
1376 4305 1527 4368 statuere.

414 4425 485 4492 Hoc
506 4425 608 4511 igitur
629 4425 765 4492 Platone
788 4425 965 4512 sapientius
982 4428 1103 4494 oratori
1124 4427 1388 4496 vindicateadem
1411 4425 1527 4510 studia,

413 4570 495 4646 quae
518 4549 720 4656 commendat
744 4549 946 4622 Aristotcles.
