3432 5498
685 609 727 683 ta

154 831 217 899 illo
240 833 341 911 libro,
362 833 417 918 qui
443 831 601 899 »Orator'’
626 832 828 911 inscribitur,
852 831 974 917 primus
997 831 1217 900 Romanorum
1241 833 1279 900 de

154 980 292 1025 numero
315 957 456 1024 oratorio
468 958 646 1023 dissereret.
664 957 745 1024 Cum
757 962 865 1024 tamen
882 957 1034 1023 Isocratis
1052 957 1104 1022 ars
1113 960 1181 1042 jam
1194 957 1279 1024 nunc

154 1105 225 1148 non
248 1086 362 1159 exstet,
386 1103 487 1166 neque
509 1080 655 1148 Ciceroni
678 1082 748 1166 ejus
761 1082 889 1148 videndi
901 1082 995 1167 copia
1006 1083 1105 1149 fuisse
1120 1084 1278 1162 videatur,

155 1207 217 1293 qui
240 1205 419 1271 accuratius
443 1204 531 1270 volet
553 1206 781 1292 pervestigare,
801 1229 883 1290 quae
899 1211 1070 1291 praecepta
1090 1205 1201 1272 Cicero
1221 1229 1279 1292 pro

157 1331 413 1396 conformatione
439 1328 759 1414 comprehensionum
792 1333 825 1395 et
859 1331 1091 1396 sententiarum
1126 1353 1165 1394 ex
1191 1331 1279 1396 illius

157 1454 330 1539 disciplina
353 1454 577 1538 assumpserit,
604 1454 691 1539 ipsas
718 1455 879 1521 orationes
902 1452 1053 1520 Isocratis
1076 1477 1149 1520 oum
1173 1455 1279 1520 elocu-

158 1577 260 1643 tionis
282 1578 437 1657 doctrina,
460 1601 542 1662 quac
564 1579 656 1644 libris
682 1579 740 1645 ade
760 1578 916 1646 Cratore”
937 1579 1131 1657 continetur,
1152 1602 1281 1664 compa-

160 1725 235 1768 rare
257 1702 393 1771 debebit.
418 1703 547 1770 Certum
570 1709 619 1770 est
642 1704 727 1768 enim
750 1703 935 1770 Ciceronem
955 1703 1106 1769 isocratis
1125 1705 1282 1770 orationi·

162 1828 236 1906 bus,
249 1828 384 1892 maxime
394 1827 478 1893 libro
491 1829 531 1893 ad
542 1829 728 1914 Philippum
742 1834 775 1895 et
783 1829 981 1916 Panegyrico
995 1833 1029 1894 et
1041 1829 1281 1894 Panathenaico

162 1951 361 2037 permultum
386 1952 544 2017 tribuisse.
567 1952 593 2038 ¹)
617 1953 679 2018 Sed
701 1976 760 2037 pro
782 1954 933 2018 instituto
950 1959 1060 2018 nostro
1072 1952 1152 2019 haec
1179 1976 1281 2037 pauca

164 2076 205 2140 de
228 2076 369 2142 Isocrate
392 2077 547 2164 attigisse,
571 2077 649 2142 satis
672 2099 739 2142 esse
762 2076 921 2142 ducimus:
944 2078 1076 2161 jamque
1099 2077 1139 2141 ad
1155 2077 1281 2142 Aristo·

167 2200 276 2280 telem,
299 2201 324 2265 si
348 2200 465 2286 placet,
489 2223 547 2266 nos
571 2205 804 2266 convertamus.

214 2326 309 2390 Haud
339 2325 423 2391 enim
455 2325 624 2391 obscurum
659 2328 727 2404 est,
759 2326 940 2390 universam
966 2326 1145 2391 doctrinam
1168 2325 1283 2390 horum

159 2450 319 2516 librorum
342 2470 536 2536 magnopere
563 2450 701 2535 pendere
729 2474 767 2516 ex
797 2451 925 2536 scriptis
953 2451 1137 2538 Stagiritae.
1170 2450 1282 2536 Neque

159 2574 243 2640 illud
261 2575 388 2642 mirum.
414 2573 605 2660 Saepissime
628 2574 713 2640 enirn
736 2575 771 2640 in
796 2575 943 2641 omnibus
967 2573 1128 2641 Ciceronis
1152 2580 1185 2640 et
1208 2574 1283 2640 rhe-

160 2699 271 2766 toricis
291 2704 324 2765 et
343 2699 573 2785 philosophicis
597 2699 930 2777 commentationibus,
960 2720 1076 2784 magua
1099 2721 1171 2765 curn
1187 2700 1283 2765 laude

160 2822 344 2909 appellatur
376 2822 576 2888 Aristoteles.
612 2824 711 2889 Velut
741 2824 776 2888 in
807 2823 899 2889 libris
926 2824 964 2887 de
991 2823 1146 2888 Finibus:
1169 2824 1284 2888 »Ans-

161 2946 299 3024 toteles,
323 2947 447 3032 inquit,
470 2969 564 3030 quem
588 2952 722 3032 excepto
746 2946 898 3026 Platone,
930 2947 1016 3012 haud
1044 2948 1109 3012 acio
1132 2971 1173 3012 an
1197 2953 1283 3013 recte

161 3073 296 3139 dixerim
308 3071 485 3155 principem
501 3070 805 3155 philosophorum;'‘
820 3072 848 3157 ²)
861 3077 969 3157 atque,
983 3076 1018 3136 ut
1032 3073 1129 3136 etiam
1143 3095 1181 3136 ex
1193 3072 1284 3137 libris

162 3198 200 3264 de
224 3197 358 3262 Oratore
382 3196 491 3260 statim
515 3195 654 3280 aliquem
679 3194 784 3260 locum
807 3197 952 3261 afferam:
979 3195 1209 3272 »Aristoteles,
1233 3197 1284 3260 in·

163 3322 243 3405 quit,
267 3320 413 3405 isquam
437 3342 498 3405 ego
514 3319 652 3384 maxime
675 3320 834 3384 admiror''
860 3318 898 3404 ³).
927 3320 1002 3385 Non
1023 3319 1170 3406 fugiebat
1197 3319 1282 3384 enim

162 3444 369 3510 Aristotelem
404 3443 542 3528 primunr
577 3446 650 3528 post
682 3442 869 3508 »discidium
900 3443 982 3509 illud
1016 3442 1149 3530 linguae
1182 3447 1283 3527 atque

161 3570 297 3647 cordis”,
321 3591 394 3634 cum
417 3573 561 3634 censeret
586 3571 700 3650 »turpe
723 3566 784 3630 sibi
805 3589 874 3631 osse
896 3571 1086 3632 tauereoum
1106 3565 1281 3631 Isocratem

161 3696 328 3780 pateretur
349 3693 485 3772 dicere'’,
516 3689 701 3774 disciplinae
730 3689 834 3755 forma
864 3694 996 3774 repente
1018 3689 1201 3766 immutata,
1227 3711 1281 3754 or-

161 3840 255 3884 nasse
277 3823 310 3883 et
332 3817 511 3883 illustrasse
534 3816 713 3883 doctrinam
736 3815 827 3880 illam
851 3836 986 3891 omnem,
1012 3834 1181 3898 rerumque
1205 3835 1284 3899 cog·

162 3942 319 4008 nitionem
341 3963 414 4007 cum
436 3941 591 4012 orationis
610 3939 838 4006 exercitatione
861 3937 1074 4022 conjunxisse.
1088 3935 1115 4022 ⁴)
1133 3936 1193 4012 Qui
1218 3959 1283 4002 non

203 4193 232 4257 l)
251 4191 291 4246 Cf.
311 4190 356 4245 Or.
374 4193 419 4258 38,
439 4192 499 4245 176.

201 4283 229 4342 2)
247 4278 287 4334 De
304 4278 363 4334 Fin.
382 4278 415 4333 V.
434 4281 459 4334 3.

204 4367 231 4436 3)
250 4367 290 4423 Dc
308 4367 353 4422 Or.
372 4367 403 4422 ll.
424 4371 486 4423 15‘2.

205 4455 232 4525 t)
250 4456 291 4512 De
308 4455 354 4512 Or.
373 4455 417 4511 111.
437 4458 498 4512 141.
