3432 5498
965 601 1008 668 64

472 817 534 888 Sed
557 819 710 906 quoniam
734 818 872 885 diximus
895 817 934 884 de
959 817 1217 904 »omniquidem
1246 817 1440 904 sapientia'',
1463 841 1549 906 quae

426 957 464 1017 ut
489 950 666 1016 vindicetur
689 949 821 1027 oratori,
845 948 983 1013 maxime
1005 948 1125 1033 »hujus
1147 944 1290 1014 instituti
1301 947 1399 1028 atque
1419 949 1548 1028 tempo-

427 1075 471 1141 ris
493 1074 595 1153 esse”,
627 1071 740 1139 Cicero
766 1072 944 1159 significat3
972 1071 1083 1155 paucis
1110 1072 1207 1137 etiam
1246 1067 1446 1154 attingamus
1479 1090 1546 1152 qua

424 1199 553 1264 ratione
587 1198 689 1282 ipsam
723 1195 869 1261 »dicendi
892 1195 1090 1260 doetrinam’'
1120 1194 1207 1259 hisce
1227 1193 1319 1258 libris
1343 1192 1544 1257 tractaverit.

468 1320 558 1398 Quod
585 1320 704 1385 attinet
726 1318 765 1384 ad
790 1319 920 1403 propria
948 1318 1028 1382 artis
1061 1321 1248 1401 praecepta:
1274 1315 1421 1380 universe
1449 1338 1545 1399 prae-

424 1449 517 1528 cepta
538 1442 595 1508 illa
618 1442 820 1519 communia,
845 1463 884 1505 ex
915 1462 1031 1526 graeco
1054 1441 1143 1505 fonte
1177 1441 1342 1518 derivata,
1373 1441 1543 1505 confirmat

423 1589 481 1632 sua
505 1565 721 1642 auctoritate,
756 1564 803 1629 ita
835 1568 956 1640 tamen,
981 1568 1017 1628 ut
1049 1563 1180 1628 nimiam
1215 1563 1415 1652 diligentiam
1436 1565 1469 1629 in
1494 1565 1544 1630 di-

424 1689 598 1756 visionibus
623 1687 849 1752 minutioribus
873 1687 1051 1771 vituperet,
1075 1691 1112 1750 ut
1134 1687 1286 1770 quasdam
1311 1693 1417 1772 partes
1441 1690 1544 1774 magis

422 1813 644 1890 commendet,
682 1815 719 1876 ut
748 1810 882 1897 vulgata
915 1810 1071 1895 quaedam
1102 1814 1160 1874 aut
1189 1812 1332 1896 corrigat
1371 1816 1429 1877 aut
1466 1811 1540 1877 dili·

422 1937 551 2023 gentius
584 1933 738 2020 explicet,
774 1940 811 1999 ut
842 1933 928 1999 baud
951 1956 1053 2018 pauca
1076 1934 1114 1998 de
1136 1956 1193 1998 suo
1217 1935 1322 2002 addat.
1355 1934 1417 2000 Sed
1450 1934 1541 2014 baec,

421 2082 502 2146 quae
526 2081 622 2144 supra
646 2059 755 2143 paucis
778 2057 999 2134 indicavimus,
1023 2058 1124 2121 fusius
1148 2059 1295 2142 persequi
1318 2059 1420 2123 nostri
1443 2060 1540 2123 insti-

421 2184 484 2249 tuti
507 2204 571 2248 non
596 2186 654 2259 est,
678 2203 751 2246 oum
767 2182 876 2266 potius
903 2203 1060 2246 summam
1083 2181 1277 2246 sententiam
1301 2181 1416 2247 borum
1439 2183 1540 2248 libro-

421 2331 493 2374 rum
535 2298 812 2373 commentandum
857 2306 1112 2390 susceperimus,
1158 2306 1226 2390 ipse.
1265 2307 1375 2370 autem
1421 2304 1533 2372 Cicero

420 2454 503 2516 quae
543 2434 711 2515 praecepta
752 2429 813 2494 sibi
850 2428 988 2494 maxime
1033 2428 1230 2512 probentur,
1275 2430 1455 2494 accuratius
1501 2431 1534 2494 in

421 2554 654 2620 Partitionibus
678 2553 835 2619 Oratoriis
858 2552 1050 2637 exposuerit,
1073 2552 1250 2618 doctrinam
1279 2575 1354 2619 vero
1381 2577 1472 2620 suam
1499 2557 1537 2622 de

419 2678 610 2745 elocutionis
635 2676 817 2764 elegantia,
844 2677 883 2741 de
912 2677 1053 2741 oratorio
1080 2698 1213 2741 numero
1241 2678 1342 2763 deque
1366 2681 1536 2746 verborum

419 2801 704 2888 comprehensione
718 2801 752 2866 in
764 2801 847 2867 libro
861 2800 1020 2866 ›Orator”
1034 2799 1131 2865 latius
1147 2801 1324 2886 explicarit.
1347 2803 1459 2869 Potius
1475 2805 1537 2891 igi·

417 2919 472 2993 tur
496 2927 661 3005 notemus,
684 2926 761 3010 quid
784 2927 822 2991 de
845 2929 961 2991 natura
984 2929 1017 2990 et
1040 2924 1182 2990 utilitate
1204 2926 1283 2991 artis
1305 2929 1449 2994 senserit.

462 3050 715 3136 sapientissime,
732 3054 769 3115 ut
788 3049 926 3127 videtur,
941 3049 1026 3113 inter
1043 3070 1107 3126 eos,
1123 3048 1179 3133 qui
1195 3049 1362 3117 rhetorum
1382 3075 1469 3118 more
1485 3054 1536 3119 di·

414 3177 506 3242 cendi
521 3176 585 3240 arti
597 3174 704 3239 omnia
717 3174 914 3251 tribuebant,
934 3194 1060 3256 eosque,
1078 3173 1133 3256 qni
1151 3174 1281 3240 eandem
1304 3181 1361 3242 aut
1385 3179 1535 3263 prodesse

415 3307 471 3366 aut
506 3300 636 3365 omnino
659 3321 727 3364 esse
750 3299 935 3384 negabant,
971 3298 1107 3363 mediam
1140 3300 1311 3383 quamdam
1339 3302 1423 3367 viam
1447 3302 1532 3371 iniit.

413 3423 588 3489 Revocavit
610 3423 776 3506 antiquam
800 3421 890 3486 illam
914 3444 1085 3506 veramque
1109 3422 1297 3489 divisionem
1316 3425 1401 3493 inter
1417 3434 1533 3508 τέχνας

413 3555 446 3615 et
468 3547 660 3636 ἐπιστήμας,
684 3571 781 3632 quam
802 3551 835 3612 et
853 3547 1057 3625 recentiores,
1075 3551 1107 3611 et
1124 3547 1225 3612 nostri
1237 3571 1365 3633 quoque
1384 3550 1533 3636 aequales

331 3658 332 3662 Ἰ
412 3676 553 3742 studiose
575 3675 736 3750 retinent3
760 3675 878 3760 quippe
901 3696 1037 3759 quorum
1056 3673 1177 3758 jndicio
1200 3674 1286 3740 aliud
1309 3675 1352 3738 sit
1376 3675 1532 3754 scientia,

414 3800 501 3866 aliud
523 3805 573 3866 est
601 3822 663 3877 ars,
689 3839 728 3848 —
758 3821 831 3864 cum
862 3799 972 3863 Latini
1000 3797 1166 3883 utriusque
1195 3797 1321 3886 generis
1344 3798 1530 3883 disciplinas

412 3925 574 3991 communi
598 3925 717 3990 artium
741 3924 870 3988 nomine
897 3923 1202 4007 comprehenderent
1224 3923 1528 4008 confunderentque.

409 4050 565 4138 Largitur
587 4072 664 4137 ergo
688 4053 790 4114 artem
813 4048 949 4113 oratoris
972 4070 1039 4113 esse
1062 4047 1183 4114 nullam
1201 4049 1229 4113 si
1249 4048 1310 4113 hoc
1327 4048 1454 4113 nomine
1477 4050 1528 4114 iu-

412 4174 579 4262 telligatur
602 4172 771 4259 disciplina
796 4195 898 4257 »quae
910 4171 1048 4258 cognitis
1059 4173 1251 4258 penitusque
1262 4173 1437 4256 perspectis
1449 4178 1481 4238 et
1492 4175 1527 4239 in

409 4321 507 4365 unum
522 4299 642 4364 exitum
655 4296 874 4383 spectantibus
887 4300 919 4360 et
930 4317 1105 4379 numquam
1117 4295 1303 4362 fallentibus
1316 4297 1410 4362 rebus
1422 4298 1526 4363 conti-

408 4420 537 4491 netur.'’
553 4421 579 4508 ¹)
603 4421 670 4488 Nec
682 4421 810 4506 injuria.
824 4419 909 4486 Nam
920 4424 957 4485 ut
967 4419 1006 4483 de
1021 4418 1215 4507 eloquentia,
1235 4443 1317 4509 quae
1333 4424 1381 4488 est
1399 4422 1525 4490 dicendi

405 4530 566 4542 *-

440 4564 469 4643 1)
488 4564 528 4622 ne
546 4563 592 4622 or.
610 4563 630 4621 1.
651 4566 712 4621 roe.
