3406 5496
453 851 598 920 »nullum
621 875 690 918 esse
715 873 816 939 genus
839 872 956 930 rerum,
980 851 1065 936 quod
1087 855 1145 918 aut
1168 851 1314 918 avulsum
1333 873 1353 918 a
1373 850 1489 918 ceteris
1511 874 1576 937 per

452 978 613 1062 seipsum
637 981 798 1055 constare,
822 979 879 1041 aut
901 997 964 1062 quo
988 980 1093 1041 cetera
1115 975 1142 1040 si
1166 977 1295 1041 careant
1319 975 1381 1041 vim
1404 997 1496 1040 suam
1520 980 1576 1041 at

454 1123 516 1186 qne
533 1101 756 1166 aeternitatem
768 1121 956 1166 conservare
967 1099 1123 1184 possint.”
1139 1136 1175 1147 —-
1193 1099 1313 1163 Probat
1324 1099 1426 1185 igitur
1441 1102 1577 1164 senten·
1684 1115 1685 1120 ’

445 1225 537 1290 -tiem
553 1225 758 1307 antiquorum
773 1222 902 1288 »omnia
918 1221 996 1288 haec
1015 1244 1096 1306 quae
1108 1244 1205 1307 supra
1221 1225 1254 1286 et
1271 1221 1381 1286 subter
1393 1222 1459 1286 sint
1470 1245 1577 1286 unum

455 1370 524 1413 esse
549 1351 582 1412 et
595 1368 658 1411 una
674 1347 706 1412 vi
720 1350 818 1431 atque
830 1367 894 1412 una
905 1346 1111 1412 consensione
1122 1345 1296 1411 constricta
1307 1345 1407 1410 esse.”
1420 1385 1463 1395 -
1489 1344 1577 1411 »Sed

446 1472 483 1536 ⁴si
508 1470 588 1536 haec
611 1471 713 1553 major
736 1491 804 1535 esse
826 1469 910 1533 ratio
933 1468 1069 1546 ridetur,
1091 1468 1207 1552 inquit,
1232 1491 1328 1553 quam
1352 1473 1389 1532 ut
1404 1468 1577 1535 bominum

455 1594 558 1678 possit
590 1616 684 1658 sensu
715 1597 773 1657 aut
800 1590 995 1678 cogitatione
1023 1593 1269 1677 comprehendi,
1304 1599 1353 1657 est
1386 1593 1485 1658 etiam
1515 1594 1579 1659 illa

459 1717 603 1783 Platonis
630 1739 703 1782 vera
727 1719 760 1780 et
782 1715 853 1792 tibi,
877 1713 1000 1793 Catule,
1013 1720 1099 1780 certe
1119 1739 1183 1780 non
1199 1716 1343 1781 inaudita
1362 1739 1433 1794 vox,
1446 1738 1578 1781 omnem

457 1841 638 1906 doctrinam
672 1840 786 1904 barum
822 1839 1032 1923 ingenuarum
1063 1844 1096 1904 et
1124 1839 1335 1905 humanarum
1359 1840 1477 1905 artium
1508 1862 1579 1905 uno
1686 1877 1687 1886 κ

370 1955 373 1962 ’
457 1965 596 2048 quodam
621 1963 783 2028 societatis
806 1961 934 2027 vinculo
958 1963 1123 2036 contineri.
1159 1963 1219 2029 Sed
1242 1965 1269 2029 si
1292 1965 1353 2031 boc
1375 1985 1503 2048 quoque
1527 1963 1580 2028 vi-

457 2089 552 2153 detur
575 2087 681 2166 altius,
705 2108 802 2170 quam
825 2090 862 2149 ut
886 2085 918 2150 id
938 2107 998 2150 nos
1014 2085 1104 2150 humi
1119 2088 1212 2152 strati
1227 2087 1385 2171 suspicere
1405 2089 1579 2172 possimne,

458 2212 539 2279 illud
554 2214 640 2276 certe
652 2213 771 2287 tamen,
783 2210 868 2292 quod
880 2208 1018 2294 amplexi
1030 2231 1149 2290 sumus,
1169 2210 1255 2294 quod
1267 2212 1468 2296 profitemur,
1487 2211 1579 2295 quod
1687 2217 1688 2230 ¹

460 2334 666 2418 suscepimus,
677 2354 770 2398 nosse
782 2338 815 2398 et
826 2337 934 2398 tenere
946 2333 1105 2399 debemus.
1118 2333 1193 2399 Una
1204 2338 1253 2398 est
1264 2335 1359 2412 enim,
1372 2334 1457 2420 quod
1470 2337 1502 2397 et
1513 2355 1581 2418 ego

462 2459 612 2522 hesterna
646 2457 697 2521 die
731 2456 796 2520 dixi
831 2460 864 2520 et
890 2455 1015 2540 aliquot
1040 2456 1118 2521 locis
1149 2457 1398 2523 antemeridiano
1432 2478 1584 2522 sermone

463 2581 658 2668 significavit
680 2580 852 2658 Antonius,
870 2578 1065 2663 eloquentia,
1089 2603 1305 2666 quascumque
1327 2582 1361 2647 in
1384 2581 1585 2665 oraedispu-
1688 2633 1689 2660 ᾗ

466 2703 599 2771 tationis
611 2703 797 2789 regionesve
805 2702 911 2767 delata
918 2701 997 2771 est.'’
1012 2742 1050 2751 -
1065 2703 1154 2769 Licet
1167 2705 1266 2792 igitur
1277 2710 1403 2771 censeat
1411 2707 1444 2770 iu
1457 2704 1585 2771 cunctis

449 2827 596 2895 ¹oratoris
612 2826 797 2892 muneribus
818 2826 896 2891 rivis
919 2847 987 2892 esse
1010 2827 1175 2892 deductum
1198 2829 1393 2908 orationem,
1415 2851 1480 2894 non
1505 2827 1583 2892 fon-

462 2952 570 3030 tibus,
596 2955 629 3016 et
662 2971 861 3036 quocumque
902 2949 1123 3035 ingrediatur,
1146 2949 1255 3017 eodem
1288 2973 1356 3018 esse
1385 2953 1583 3018 instructam

450 3079 613 3152 ornatu„
659 3073 834 3159 profitetur
887 3075 995 3138 tamen
1044 3094 1077 3138 se
1128 3095 1192 3138 non
1237 3076 1310 3160 plus
1355 3079 1583 3160 suscepturum

463 3221 530 3266 esse
562 3221 657 3283 qnam
682 3197 744 3262 sibi
773 3197 967 3281 imponatur.
992 3195 1085 3260 Prius
1120 3200 1227 3263 tamen
1254 3221 1350 3283 quam
1379 3221 1417 3264 ea
1443 3199 1583 3283 attingit

461 3323 577 3407 quibus
615 3321 794 3386 orationem
838 3320 945 3386 ornari
983 3324 1080 3405 atque
1115 3320 1288 3388 illuminari
1324 3327 1433 3410 putet,
1465 3325 1498 3386 et
1541 3344 1583 3385 ex

462 3446 699 3532 comparatione
729 3467 801 3510 cum
827 3445 923 3511 variis
946 3444 1148 3530 singulorum
1171 3466 1321 3511 sensnum
1357 3446 1582 3531 voluptatibus

461 3576 559 3655 atque
600 3567 742 3654 fingendi
775 3569 990 3654 pingendique
1025 3568 1170 3647 artibus,
1204 3571 1237 3631 et
1275 3550 1467 3634 Graecorum
1512 3568 1583 3635 Ito·

463 3714 695 3778 manorumque
720 3696 883 3758 oratorum
907 3692 1043 3757 virtutes
1067 3692 1207 3776 dispares
1230 3691 1358 3778 egregie
1374 3691 1582 3773 illustrando,

463 3795 545 3882 illud
568 3817 705 3882 statuit:
738 3816 771 3881 in
795 3837 859 3880 una
882 3815 1065 3899 eloquentia
1087 3817 1186 3898 atque
1213 3836 1252 3879 ex
1281 3837 1345 3879 una
1375 3815 1583 3882 institutione

463 3963 531 4006 esse
555 3938 680 4004 dicendi
702 3959 820 4025 genera
843 3938 954 4017 uaria,
976 3940 1031 4006 sed
1052 3939 1122 4024 pari
1146 3938 1345 4005 excellentia.

509 4065 667 4142 Quorsum
691 4063 771 4128 haec
794 4063 925 4128 omnia?
947 4062 1108 4128 Nimirum
1120 4067 1157 4128 ut
1169 4062 1266 4128 etiam
1283 4063 1344 4129 hoc
1355 4065 1447 4130 modo
1463 4070 1496 4131 et
1514 4067 1583 4132 elo·

464 4191 613 4276 quentiae
636 4188 892 4276 magnitudinem
915 4190 948 4252 et
959 4210 1050 4253 suam
1067 4188 1230 4255 doctrinae
1247 4186 1371 4270 copiam
1387 4191 1582 4260 ostenderet.

462 4315 536 4401 Ipse
548 4320 655 4382 tamen
665 4315 807 4380 modeste
816 4311 926 4378 »Haec
934 4333 971 4376 eo
981 4311 1058 4375 mihi
1066 4311 1276 4396 praedicenda
1282 4311 1423 4392 fuerunt,
1436 4316 1473 4376 ut
1480 4312 1507 4378 si
1515 4336 1583 4379 non

430 4531 433 4538 ¹
464 4441 581 4521 omnia,
594 4462 675 4526 quae
683 4440 1036 4526 proponerenturume,
1048 4437 1088 4502 ad
1096 4457 1189 4503 omno
1197 4441 1339 4514 restrum
1347 4437 1487 4506 studium
1495 4441 1528 4504 et
1540 4438 1583 4506 ad
