3406 5496
688 627 733 694 23

153 841 248 906 modo
270 840 357 925 quod
378 838 468 904 nulla
491 841 558 924 ejus
577 839 680 906 oratio
703 845 809 906 exstat
831 861 890 904 nec
913 859 1046 922 usquam
1071 835 1122 901 vel
1137 835 1269 902 verbulo

153 969 435 1039 commemoratur;
460 965 514 1029 sed
537 987 575 1030 ex
594 965 729 1051 prologo
752 962 793 1028 11ἰ
822 964 897 1028 libri
918 964 956 1027 de
980 961 1108 1027 oratore
1119 959 1270 1027 discimus

154 1090 320 1166 Quintum,
332 1089 398 1152 sive
418 1088 549 1172 judicio,
561 1091 627 1154 sive
650 1089 771 1173 pudore
796 1092 829 1154 et
851 1088 1023 1152 timiditate
1038 1087 1178 1172 ingenua
1190 1109 1269 1171 qua-

153 1213 238 1289 dam,
260 1213 326 1278 sivo
348 1213 434 1296 quod
456 1212 592 1296 putabet
615 1233 715 1276 unum
738 1212 817 1276 satis
840 1233 908 1275 essa
931 1233 995 1274 uon
1021 1211 1114 1274 modo
1140 1211 1174 1273 in
1205 1233 1270 1275 una

151 1337 276 1402 familia
305 1339 464 1400 oratorem
487 1336 542 1400 sed
563 1358 664 1419 paene
684 1336 718 1400 10
741 1335 963 1412 101001011010,
987 1334 1159 1398 edicendo
1183 1335 1269 1398 refu·
1302 1423 1305 1429 Ι

154 1462 248 1547 gissa.
267 1463 291 1548 ¹)
316 1499 357 1508 -
382 1460 490 1546 Atque
513 1461 546 1524 in
570 1459 720 1544 operibus
743 1481 826 1544 quae
849 1459 910 1524 sub
932 1459 1044 1536 Quinti
1068 1459 1196 1524 nomine
1213 1460 1270 1523 ad·

153 1584 216 1648 huc
238 1584 516 1661 circumferuntur,
538 1606 641 1667 pauca
661 1585 769 1650 hercle
791 1589 867 1649 sunt
891 1585 1041 1650 oratoria.
1066 1583 1271 1650 Commenta·

153 1709 220 1772 rius
242 1707 298 1772 1110
321 1708 381 1772 »de
406 1707 565 1773 Petitione
588 1707 779 1774 Consulatus
802 1710 841 1774 ad
865 1709 910 1774 M.
935 1709 1077 1774 Tullium
1089 1708 1272 1785 11101100,η

153 1837 191 1896 01
214 1834 256 1896 011
279 1854 361 1915 puro
384 1837 533 1916 tensoque
556 1854 701 1898 sermone
722 1833 936 1917 conscriptus,
959 1833 1128 1897 admodum
1152 1833 1268 1918 friget:

153 1956 233 2020 mihi
256 1955 384 2040 quidem
416 1956 650 2041 ineptissimum
681 1957 818 2034 ridetur,
839 1959 972 2022 fratrem
1007 1961 1145 2042 quatuor
1178 1957 1270 2021 annis

154 2084 233 2144 natu
256 2081 423 2164 majorem,
446 2080 502 2165 qui
522 2081 590 2165 jam
613 2080 647 2143 in
670 2101 763 2144 cursu
787 2080 998 2146 maximarum
1028 2104 1135 2146 rerum
1167 2085 1268 2157 essct,

152 2206 197 2271 sic
220 2229 240 2270 a
262 2207 384 2271 minore
407 2207 540 2292 quasi-a
562 2203 745 2270 tristissimo
768 2208 884 2287 patruo
916 2205 954 2269 de
985 2206 1110 2270 ratione
1139 2205 1269 2288 petendi

152 2329 290 2396 honores
313 2331 487 2396 admoneri.
511 2330 604 2407 Quid,
628 2351 757 2412 quaeso,
781 2330 940 2395 attinebat
953 2330 993 2408 ei,
1005 2331 1060 2414 qui
1069 2331 1137 2415 jam
1154 2351 1269 2414 quaes-

152 2457 244 2530 tura,
268 2453 446 2531 aedilitate,
469 2459 621 2537 praetura
643 2454 771 2518 functus
796 2457 880 2534 erat,
905 2459 971 2519 tam
995 2454 1156 2518 fastidiose
1189 2453 1269 2517 haec

153 2577 217 2641 tria
240 2577 280 2641 ab
304 2577 448 2643 aedilicio
470 2563 640 2642 inculcari:
673 2577 807 2643 »Novus
840 2602 928 2658 sum,
952 2579 1155 2645 consulatum
1177 2583 1269 2662 pet0‚

154 2701 258 2766 Itonia
280 2701 370 2765 est”‘?
393 2700 480 2776 Quae
492 2723 587 2785 quam
600 2702 643 2766 sit
655 2702 793 2767 absurda
805 2703 1016 2781 elucubratio,
1034 2708 1071 2767 ut
1084 2703 1185 2788 magis
1197 2724 1269 2766 sen·

154 2826 233 2902 tias,
256 2826 360 2890 obiter
384 2847 453 2890 eam
477 2847 641 2909 compares
674 2826 771 2890 velim
806 2849 878 2892 oum
912 2829 1043 2914 egregio*
1076 2828 1133 2892 illo
1169 2827 1269 2892 Marci

154 2950 381 3014 commentario
405 2951 465 3014 »de
487 2949 653 3034 provincia
676 2950 958 3032 administranda'',
983 2954 1038 3037 qui
1058 2953 1162 3037 prima
1173 2952 1269 3036 primi

153 3074 228 3138 libri
251 3075 290 3139 ad
315 3075 469 3150 Quintum
491 3076 626 3139 fratrem
648 3073 785 3157 epistola
808 3075 964 3160 appellari
988 3078 1081 3143 solet.
1106 3076 1269 3142 OFortu-

153 3202 248 3264 natos
270 3199 415 3283 profecto
438 3199 656 3264 Romanorum
679 3200 902 3285 provinciales,
924 3203 952 3266 si
968 3225 1077 3266 omnes
1090 3201 1270 3286 provincia-

155 3347 226 3389 rum
245 3324 402 3408 praesides
424 3323 678 3408 prudentissimis
709 3324 919 3392 humanitatis
948 3349 986 3391 ac
1017 3327 1269 3391 mansuetudinis

155 3449 332 3532 praeceptis
356 3448 545 3532 paruissent,
570 3469 652 3531 quae
674 3448 707 3511 10
732 3447 793 3513 hoo
807 3449 916 3514 libello
933 3452 981 3514 vir
993 3451 1167 3515 consularis
1178 3474 1270 3534 prae·

156 3575 219 3638 tori
242 3573 409 3656 designato
433 3571 548 3636 tradit!

201 3696 313 3779 Neque
335 3697 449 3781 ignoro
473 3718 539 3761 esse
557 3697 640 3761 inter
665 3698 749 3761 viros
772 3698 892 3774 doctos,
917 3700 971 3782 qui
993 3700 1089 3764 variis
1108 3700 1195 3764 ducti
1219 3723 1270 3765 ra-

156 3820 297 3885 tionibus
317 3819 506 3903 opuscnlum
529 3819 610 3884 illud
624 3822 671 3896 ¹de
694 3822 850 3905 petitione
873 3823 1057 3888 consulatus
1072 3827 1191 3905 negent
1204 3846 1271 3888 esse

154 3943 265 4020 Quinti
289 3941 468 4017 Ciceronis3
492 3946 616 4008 certum
639 3948 746 4010 tamen
770 3950 829 4023 est,
842 3946 1007 4032 ingenium
1028 3952 1085 4011 aut
1097 3949 1270 4013 oratoriam

154 4067 342 4133 facultatem
367 4067 478 4142 Quinti
500 4089 701 4152 nequaquam
725 4067 781 4132 illo
795 4069 879 4135 libro
891 4072 1114 4140 commendari.
1127 4072 1272 4149 Quatuor

193 4441 220 4522 1)
239 4442 278 4499 De
297 4443 342 4502 Or.
360 4443 393 4503 Il.
413 4445 456 4503 10.
