3432 5498
692 635 735 720 id

151 859 302 932 tentiam.
332 859 394 932 list
423 861 540 945 etiam,
572 866 628 931 ubi
651 863 784 930 Crassus
808 864 859 930 vel
881 863 981 950 ipsius
1004 858 1145 933 Socratis
1168 885 1273 935 mores

151 991 189 1055 iu
213 990 400 1057 memoriam
422 995 560 1058 revocet.
585 988 670 1055 Nam
693 989 780 1074 quod
802 989 919 1054 dicitur
941 988 1075 1056 Crassus
1099 992 1132 1056 in
1154 994 1274 1076 prinoi-

152 1114 209 1199 pio
233 1114 322 1180 tertii
345 1114 419 1179 libri
444 1135 558 1180 »omne
581 1113 662 1178 illud
679 1118 804 1197 tempus
825 1113 1034 1180 meridianum
1051 1115 1084 1179 in
1104 1119 1276 1184 accerrima
1318 1183 1322 1190 ,

153 1242 253 1322 atque
276 1238 490 1304 attentissima
513 1238 708 1324 cogitatione
731 1237 886 1322 posuisse,
909 1242 1007 1324 atquc
1029 1239 1062 1304 in
1087 1262 1125 1306 eo
1147 1241 1274 1308 silentio

156 1363 237 1427 duas
259 1361 356 1426 horas
379 1363 446 1426 fere
468 1384 536 1426 esse
561 1361 1274 1451 consumptas”,simillimu1nestejus,qnod

154 1487 244 1572 apud
258 1485 441 1551 Potidaeam
455 1484 580 1551 Socrati
590 1478 763 1571 contigisse
775 1487 874 1552 refert
885 1486 1080 1554 Alcibiades:
1099 1491 1276 1580 συννοήσας

157 1604 222 1698 γὰρ
235 1604 357 1676 αι’πόθι
369 1607 475 1678 ἕωθέν
496 1635 530 1675 τι
553 1609 692 1698 εἱσιήιιει
714 1617 856 1690 σκοπῶν,
877 1607 1019 1702 κάπειδή
1039 1609 1078 1680 osi
1090 1610 1276 1704 προύχώρει

156 1729 258 1822 αὐτῷ,
281 1729 340 1800 οἷοι
362 1729 458 1814 ἀνίει,
481 1728 552 1801 ἀλλ’
574 1733 715 1821 stauriaco
738 1735 852 1823 ζητῶν.
874 1737 929 1802 καὶ
950 1724 1062 1827 ἤδηῆν
1079 1746 1276 1830 μεσημβρία,

156 1859 215 1924 καὶ
248 1857 426 1945 ἄνθρωποι
459 1853 668 1948 ᾐσθάνοντο,
701 1860 756 1925 καὶ
793 1861 1020 1944 θαυμάζοντες
1054 1863 1151 1938 ἄλλος
1189 1865 1276 1954 ἄλλῳ

160 1982 286 2067 ἔλεγον,
309 1979 360 2051 ὅτι
379 1985 550 2072 Σοκριίιης
573 1978 609 2060 ἒξ
629 1983 772 2050 ἑωθινοῦ
794 1986 972 2071 φροντίζων
993 2011 1027 2051 τι
1049 1983 1173 2076 ἕστηκε.
1196 1989 1222 2071 ¹)

204 2107 318 2192 Neque
352 2108 452 2175 latere
490 2109 558 2194 jam
593 2131 651 2174 nos
682 2112 806 2192 potest,
839 2131 967 2176 scenam
992 2111 1089 2195 primi
1122 2114 1278 2180 sermonis

158 2254 199 2299 ex
223 2231 368 2298 Platonis
392 2233 538 2298 Phaedro
557 2233 757 2319 desumptam
773 2256 852 2312 esse,
865 2273 905 2284 ·-
918 2233 1152 2302 conclusionem
1169 2242 1279 2304 autem

157 2357 261 2423 totius
284 2357 411 2442 operis,
439 2378 521 2441 quae
543 2357 578 2422 in
600 2356 748 2424 laudibus
775 2359 939 2424 Hortensii
967 2364 1131 2439 versatur,
1158 2361 1279 2427 imitari

158 2480 301 2566 ejusdem
330 2480 468 2546 Phaedri
499 2480 646 2547 ultimam
677 2482 850 2568 paginam,
877 2483 1010 2549 eandem
1039 2507 1135 2570 quam
1166 2489 1278 2571 postea

159 2604 272 2672 Cicero
284 2606 318 2670 in
341 2604 424 2670 libro
437 2604 595 2673 »Orator’'
607 2577 796 2672 adverbum
811 2606 925 2672 Latine
937 2607 1167 2693 interpretatas
1179 2615 1236 2678 est.
1252 2611 1278 2696 2)

207 2730 268 2798 Sed
289 2731 471 2798 accuratius
494 2731 747 2819 indagantibus,
781 2730 837 2816 qui
880 2731 947 2798 sint
968 2723 1089 2819 dialogi
1117 2733 1278 2813 Platonis,

160 2857 202 2923 ad
225 2879 363 2941 quorum
388 2856 575 2922 memoriam
598 2855 735 2921 maxime
753 2854 814 2920 hac
829 2853 967 2920 lectione
986 2873 1186 2936 revocemur;
1213 2862 1279 2924 tres

159 2981 255 3048 nobis
278 2981 429 3048 videntur
451 3003 519 3047 esse
541 2980 700 3047 Platonici
722 2979 809 3060 libri,
831 3001 911 3065 quos
933 2978 1020 3045 haud
1043 2981 1140 3046 dubia
1155 2983 1280 3066 conjec-

160 3110 236 3172 tura
259 3106 414 3172 affirmari
437 3106 549 3191 possit,
581 3104 726 3172 Ciceroni
757 3125 830 3169 cum
859 3103 939 3169 baec
968 3105 1122 3171 scriberet
1145 3106 1186 3170 ob
1210 3102 1280 3170 ani-

159 3252 248 3296 mam
273 3253 340 3296 essc
363 3234 524 3297 versatos:
558 3229 713 3316 Gorgias,
736 3228 903 3295 Phaedrus
926 3234 959 3294 et
988 3227 1121 3293 Civitas.
1157 3228 1279 3295 Notum

160 3359 210 3421 est
256 3355 287 3420 in
321 3354 483 3421 Ciceronis
506 3354 597 3420 libris
620 3354 659 3419 de
682 3353 872 3438 Reipublica
900 3359 932 3419 ct
955 3354 994 3419 dc
1017 3352 1141 3418 Officiis
1178 3353 1281 3418 malta

161 3480 202 3544 ad
226 3479 408 3564 exemplum
432 3481 603 3552 πολιτείας
624 3478 815 3544 adumbrata
837 3499 917 3556 esse,
938 3516 979 3526 -
997 3477 1200 3562 ejusdemque
1218 3478 1281 3543 ini-

160 3603 244 3668 tium
267 3603 300 3667 in
323 3603 520 3688 lepidissimo
542 3602 653 3668 libello
675 3603 714 3668 de
737 3601 920 3681 Senectute,
943 3601 1072 3688 egregie
1094 3607 1225 3668 auctum
1248 3606 1281 3668 et

163 3726 256 3812 quasi
278 3725 450 3792 dilatatum
474 3726 621 3804 inveniri;
646 3747 685 3790 ex
705 3725 852 3791 Phaedro
870 3747 997 3812 quoquc
1019 3728 1052 3790 et
1064 3724 1232 3791 Oratorem
1248 3730 1282 3791 et

164 3848 413 3934 Disputationes
463 3850 662 3918 Tusculanas
703 3849 881 3935 permultos
917 3850 1005 3915 locos
1038 3851 1166 3915 referre.
1202 3849 1283 3928 Sed,

160 3977 361 4061 quantopere
385 3998 424 4040 ex
447 3976 551 4042 tribus
573 3975 638 4041 illis
661 3975 752 4040 libris
779 3973 1010 4059 disputationes
1042 3975 1101 4040 »de
1124 3974 1279 4040 Oratora''

161 4099 343 4184 pendeant,
365 4115 480 4185 operae
502 4101 642 4184 pretinm
663 4099 791 4167 videtur
814 4099 993 4164 accuratius
1005 4098 1192 4183 expendere,
1208 4119 1281 4162 cum

200 4398 226 4469 1)
244 4400 284 4456 De
303 4397 408 4458 0r‚111.
428 4403 472 4457 17.
491 4397 574 4460 Conv.
593 4402 646 4459 220
665 4398 694 4459 C.

199 4487 227 4566 i)
245 4487 290 4546 Or.
311 4493 354 4550 41.
