3432 5498
690 606 733 680 ⁷5

57 879 59 884 .
143 824 292 912 vestigiis
303 823 460 902 insistere,
483 822 614 910 quodiu
637 822 774 910 singulis
794 824 887 890 libris
910 827 1022 891 utatur
1045 823 1266 912 prooemiis21)

145 973 248 1036 aeque
264 956 372 1016 tamen
392 952 514 1015 certum
541 953 609 1027 est,
637 949 722 1033 quod
745 949 851 1015 nullas
865 951 899 1015 in
932 949 1133 1015 sermonibus
1156 953 1267 1034 partes

145 1076 292 1160 sibiipsi
317 1075 440 1140 tribuat
455 1075 516 1152 ,id
539 1074 580 1139 ab
604 1073 789 1140 Aristotelis
818 1096 906 1140 more
929 1075 1112 1141 abhorrere.
1148 1073 1268 1140 Scribit

146 1201 235 1266 enim
257 1200 291 1266 iu
314 1201 452 1284 quadam
477 1198 614 1283 epistola
631 1199 670 1264 ad
688 1199 853 1275 Quintum.
875 1197 948 1265 »Ab
968 1198 1145 1265 Aristotele
1163 1221 1267 1264 sermo

144 1327 193 1390 ita
211 1324 374 1390 inducitur
403 1329 593 1418 ceterorum,
617 1327 653 1388 ut
677 1346 772 1408 penes
795 1324 900 1409 ipsum
928 1325 971 1389 sit
993 1324 1213 1409 principatus”
1239 1321 1268 1409 ²)

145 1449 209 1516 Sed
232 1448 358 1515 difficile
382 1454 431 1515 est
444 1449 537 1534 plura
560 1449 598 1515 de
617 1449 720 1515 lorma
737 1472 775 1515 nc
791 1449 916 1514 ratione
934 1448 1064 1514 illorum
1082 1470 1265 1514 sermonum

145 1579 307 1641 statuere:
320 1575 465 1640 breviora
481 1579 558 1640 sunt
569 1575 653 1640 enim
667 1574 858 1660 lragmenta,
871 1595 953 1658 quae
972 1576 1155 1658 supersunt,
1168 1594 1267 1656 quam

146 1722 164 1764 e
189 1700 307 1784 quibus
330 1699 501 1784 quicquam
525 1701 605 1765 effici
629 1700 740 1784 possit.

146 1853 148 1856 ·
193 1825 300 1890 Minus
322 1824 492 1890 obscurum
515 1827 564 1889 est
587 1824 725 1889 alterum
747 1823 839 1901 illud,
864 1825 949 1908 quod
968 1823 1098 1906 scripsit
1111 1820 1266 1886 Lentulo:

148 1948 247 2014 »libri
258 1949 363 2013 nostri
379 1969 505 2013 omnem
518 1947 741 2013 Aristoteliam
753 1948 912 2013 rationem
925 1948 1099 2012 oratoriam
1113 1947 1272 2030 complec-

149 2073 297 2138 tuntur.’'
308 2073 468 2138 Nimirum
480 2095 520 2139 ue
532 2073 604 2156 quis
612 2074 694 2138 forte
702 2072 1030 2157 putaret,Ciceronem
1044 2094 1170 2138 omnem
1182 2071 1271 2137 illam

150 2199 310 2263 rationem
333 2220 396 2262 non
424 2199 457 2263 in
490 2198 636 2284 magistri
658 2196 749 2263 libris
772 2197 879 2281 ipsum
910 2197 1041 2283 legisse,
1065 2197 1120 2262 sed
1144 2219 1183 2262 ex
1207 2196 1272 2262 dis-

151 2295 374 2408 putationibus
396 2344 518 2400 eorum,
542 2322 599 2406 qui
622 2322 663 2387 ab
686 2321 744 2387 illo
767 2326 873 2387 essent
888 2320 1077 2407 philosophi
1094 2321 1272 2405 accepisse:

151 2470 216 2514 non
240 2445 344 2513 solum
368 2447 494 2532 saepius
516 2446 702 2512 Aristotelis
725 2450 828 2510 artem
852 2467 1000 2530 expresso
1030 2445 1160 2511 nomine
1184 2467 1272 2510 com-

152 2571 353 2650 memorarit,
375 2571 430 2636 sed
452 2593 510 2656 per
529 2592 698 2656 personam
719 2571 852 2637 Antonii
871 2593 929 2636 nos
952 2571 1078 2636 monuit
1101 2570 1272 2656 selegisse

153 2696 247 2762 illum
276 2696 396 2762 librum
424 2695 627 2774 Aristotelis,
664 2696 719 2760 »in
753 2717 817 2780 quo
851 2695 976 2760 dicendi
1006 2700 1091 2762 artes
1130 2697 1274 2762 omnium

155 2821 355 2905 superiorum
379 2821 608 2905 exposuisset,’'
634 2823 667 2886 et
689 2819 773 2898 illos,
788 2819 842 2884 »in
866 2820 982 2904 quibus
1006 2821 1074 2904 ipse
1097 2843 1154 2886 sna
1177 2842 1276 2904 quae-

154 2947 226 3013 dam
266 2946 304 3012 de
344 2945 453 3011 eadem
487 2950 557 3011 arte
591 2946 754 3012 dixisset.’'
791 2945 929 3031 Legerat
963 2945 1064 3032 igitur
1097 2943 1208 3010 Cicero
1240 2948 1274 3010 et

154 3077 277 3154 τεχνῶν
300 3071 486 3159 συναγωγήν
499 3075 533 3135 et
550 3077 667 3158 τέχνην
690 3063 870 3158 ῥητορικήν.
895 3069 945 3134 Ex
969 3069 1084 3154 quibus
1095 3069 1186 3134 libris
1203 3091 1275 3133 cum

156 3198 239 3263 alter
261 3197 304 3261 sit
321 3192 519 3280 deperditae,
543 3194 635 3260 nobis
654 3217 754 3259 unum
772 3197 911 3271 tantum,
924 3193 980 3279 qni
1004 3200 1100 3282 τέχνη
1123 3186 1277 3282 ῥητορική

156 3320 346 3388 inscribitur
369 3321 456 3386 adire
480 3325 513 3385 et
535 3321 680 3385 conterre
703 3320 824 3386 licebit.

203 3446 305 3511 Porro
326 3444 405 3510 hacc
427 3449 477 3510 cst
488 3444 577 3510 illins
594 3444 699 3528 operis
715 3443 841 3521 divisio,
858 3448 895 3508 ut
906 3444 968 3508 duo
980 3443 1102 3528 priores
1122 3441 1195 3506 libri
1208 3463 1280 3505 ver·
1398 3476 1403 3484 ·

158 3575 272 3638 sentur
300 3571 334 3636 iu
362 3568 627 3654 probationibus,
655 3569 769 3634 tertius
805 3590 902 3646 vero,
921 3607 965 3616 -
996 3567 1062 3632 sive
1082 3571 1129 3631 est
1151 3565 1281 3630 illorum

159 3695 445 3781 complementum,
469 3694 554 3771 sive,
583 3699 618 3759 ut
642 3693 737 3758 multi
756 3714 841 3757 nunc
864 3691 998 3769 volunt,
1017 3691 1079 3754 fuit
1099 3689 1175 3754 olim
1203 3711 1282 3773 opus

160 3825 391 3905 separatum—
404 3819 442 3884 de
454 3819 633 3884 elocutione
647 3816 900 3901 dequepartibus
913 3815 1067 3881 orationis
1079 3813 1283 3898 disponendis

162 3948 249 4032 agat.
274 3943 325 4008 Ex
348 3964 411 4026 quo
434 3941 555 4007 factum
579 3947 639 4018 est,
664 3946 700 4007 ut
716 3941 805 4025 prior
828 3963 901 4025 pars
925 3938 966 4004 In
989 3939 1064 4004 libri
1088 3939 1126 4003 de
1148 3937 1284 4004 Oratore

163 4066 370 4152 responderet
392 4065 516 4130 duobus
541 4064 701 4148 prioribus
722 4063 907 4130 Aristotelis
920 4061 1031 4138 libris3
1055 4061 1284 4126 altercantem

164 4213 238 4277 pars
273 4190 412 4274 ejusdem
447 4189 523 4254 libri
546 4192 579 4253 et
612 4188 693 4254 liber
720 4187 771 4252 ΙΙΙ
795 4211 833 4253 ea
861 4191 1058 4264 tractarent,
1082 4208 1164 4270 quae
1187 4186 1284 4250 tertio

202 4457 229 4528 r)
248 4461 283 4514 aa
301 4458 332 4523 c.
351 4461 384 4514 n.
404 4457 447 4514 111.
466 4461 490 4513 a.
537 4461 564 4522 n)
582 4458 617 4512 ar
636 4457 690 4513 stt.
709 4457 779 4513 xnr.
801 4458 843 4511 re.
