3432 5498
973 628 1015 696 60

432 840 541 905 autem
574 861 705 925 remque
742 841 904 926 publicam
934 843 1216 910 administrandam
1253 843 1439 931 eloquentia
1481 850 1555 912 tum

432 968 555 1033 aditum
578 971 794 1054 comparabat,
818 974 887 1035 tum
911 972 995 1035 vires
1014 968 1267 1054 facultatemque
1281 969 1468 1053 praebebat.
1485 969 1556 1034 Ne-

433 1114 495 1176 que
519 1096 627 1158 tamen
649 1092 740 1158 illam
763 1093 865 1159 solam
888 1093 1119 1178 eloquentiam,
1141 1115 1223 1178 quae
1246 1094 1279 1158 in
1294 1093 1424 1178 judiciis
1446 1097 1480 1158 et
1501 1115 1555 1158 se·

432 1221 512 1281 netu
535 1222 567 1282 et
590 1218 793 1326 contionibus
816 1219 915 1305 viget,
934 1219 1051 1284 ceteris
1073 1219 1198 1284 artibus
1217 1217 1387 1303 praeponit
1406 1216 1553 1282 Tullius:

433 1339 561 1406 sublato
584 1342 680 1405 etiam
703 1341 772 1406 foro
794 1347 827 1407 et
850 1343 961 1419 ouria,
992 1343 1033 1408 ad
1063 1365 1100 1408 ea
1131 1365 1265 1408 munera
1287 1342 1403 1427 quibus
1427 1341 1554 1406 civibus

433 1465 556 1530 consuli
579 1487 670 1548 posse
694 1469 796 1550 putet,
819 1467 957 1532 oratoris
980 1471 1081 1532 artem
1105 1467 1264 1552 postulat;
1283 1465 1451 1530 historiam
1472 1487 1555 1549 quo·

435 1611 499 1673 que
532 1593 565 1654 et
599 1590 678 1655 alios
709 1589 830 1667 libros,
862 1591 896 1656 in
924 1590 1042 1676 quibus
1070 1592 1150 1657 artis
1174 1595 1344 1677 praecepta
1373 1589 1555 1664 tradantur,

435 1714 669 1802 compositast
691 1718 805 1779 ornata
829 1715 974 1780 oratione
998 1715 1068 1780 vult
1090 1716 1262 1782 conscribi:
1293 1736 1334 1780 ne
1364 1713 1446 1778 aridi
1468 1713 1556 1789 sint,
1686 1749 1687 1802 j

435 1858 475 1902 ne
484 1838 868 1924 agrestes,sedsuavitate
876 1838 961 1923 pleni
971 1842 1004 1904 et
1014 1839 1100 1905 omni
1109 1862 1147 1905 ex
1156 1845 1249 1925 parte
1257 1836 1450 1924 probabiles.
1464 1834 1556 1900 »No·
1687 1852 1688 1855 ’

436 1961 615 2026 bisantem
639 1961 779 2038 videtur,
803 1961 908 2046 inquit
930 1962 1014 2026 idem
1037 1963 1070 2028 in
1095 1963 1300 2041 Tusculanis,
1325 1949 1480 2046 quicquid
1498 1959 1557 2023 lit-
1686 2001 1687 2052 l

436 2085 514 2150 teris
539 2084 708 2149 mandetur
734 2085 766 2149 id
789 2085 1004 2150 commendari
1026 2087 1168 2152 omnium
1197 2088 1394 2153 eruditorum
1424 2082 1557 2150 lectioni

435 2208 579 2276 decere.”
603 2209 630 2294 ¹)

481 2333 534 2398 An
558 2356 632 2400 vero
653 2334 733 2399 illud
756 2333 1034 2419 reprehendemus‚
1054 2335 1140 2418 quod
1160 2336 1289 2400 omnino
1306 2355 1447 2399 summas
1468 2337 1557 2397 artes

348 2524 350 2530 ,
437 2464 471 2524 et
492 2458 675 2543 disciplinas
698 2460 737 2523 ad
761 2459 935 2524 utilitatem
958 2459 1125 2524 hominum
1148 2458 1277 2525 volebat
1299 2459 1445 2536 directas,
1468 2456 1557 2542 quod
1686 2463 1687 2534 J

437 2581 653 2669 cognitionem
684 2604 811 2659 eorum,
841 2605 923 2667 quae
951 2584 991 2648 ad
1016 2583 1202 2648 societatem
1232 2587 1265 2649 et
1294 2582 1556 2668 conjunctionem

437 2706 603 2772 hominurn
624 2707 775 2785 attinent,
798 2707 912 2772 ceteris
934 2706 1150 2790 anteponebat
1172 2745 1212 2756 -
1236 2707 1323 2792 quod
1344 2698 1379 2772 in
1402 2705 1557 2771 scientiae

438 2830 612 2914 cupiditate
633 2852 698 2896 non
722 2830 825 2916 magis
848 2830 982 2895 notabat
1005 2830 1067 2896 boc
1089 2832 1203 2897 vitium
1226 2853 1287 2896 »ne
1310 2829 1475 2915 incognita
1498 2851 1557 2914 pro
1687 2870 1688 2875 κ

438 2955 575 3039 cognitis
598 2955 805 3031 habeamus’',
829 2977 925 3038 quam
948 2953 1029 3019 illud
1052 2954 1206 3032 alterum3
1225 2955 1330 3039 »quod
1353 2954 1482 3039 quidem
1507 2952 1556 3017 ni·
1686 3035 1687 3042 ἵ

439 3078 499 3144 mis
524 3099 676 3163 magnum
699 3078 839 3143 studium
863 3078 1062 3162 multamque
1078 3100 1206 3162 operam
1226 3079 1260 3144 in
1277 3101 1327 3144 res
1339 3079 1491 3144 obscuras
1506 3081 1558 3142 at-

404 3257 407 3262 Α
438 3225 501 3288 que
512 3202 655 3267 difficiles
668 3202 835 3267 conferunt
848 3202 1037 3285 easdemque
1049 3224 1112 3267 non
1122 3203 1334 3268 necessarias?
1349 3201 1559 3290 2)--Face0r
1686 3251 1687 3256 ,

439 3328 585 3411 equidem
609 3349 659 3391 me
685 3325 773 3390 hisce
800 3324 957 3390 Tullianis
980 3328 1147 3392 sententiis
1180 3351 1245 3392 non
1277 3325 1483 3392 vehementer
1506 3346 1558 3389 aa·
1686 3385 1687 3388 ,

439 3452 553 3517 sentiri
576 3475 639 3516 non
662 3473 765 3535 posse.
785 3450 905 3514 Eorum
929 3449 1014 3514 enim
1038 3451 1154 3528 studia,
1177 3451 1233 3534 qui
1250 3449 1298 3515 ita
1310 3450 1344 3515 in
1362 3449 1488 3514 litteras
1500 3452 1560 3512 aut

439 3575 518 3641 alias
541 3574 725 3660 disciplinas
748 3574 946 3639 obscuriores
969 3596 1003 3637 se
1026 3572 1166 3651 abdunt,
1202 3579 1239 3639 ut
1264 3573 1348 3638 nihil
1370 3596 1409 3638 ex
1432 3573 1477 3637 eis
1501 3593 1559 3636 ne·

440 3722 502 3786 qua
531 3700 571 3764 ad
601 3721 800 3776 communem
828 3699 964 3762 afferant
985 3698 1150 3776 fructum,
1183 3720 1287 3782 neque
1315 3697 1348 3763 in
1374 3697 1559 3780 adspectum

440 3825 621 3910 proferant;
643 3830 699 3889 aut
718 3824 745 3888 si
766 3824 844 3908 quid
866 3822 1041 3907 proferant,
1052 3845 1089 3886 ea
1111 3823 1219 3900 edant,
1242 3843 1324 3906 quae
1340 3793 1419 3885 scire
1437 3817 1559 3884 nullius

438 3950 504 4034 jam
529 3949 667 4025 intersit,
691 3970 805 4032 parum
829 3944 934 4010 hercle
963 3944 1092 4029 probari
1115 3949 1260 4030 possunt.

486 4074 634 4140 Gaudent
663 4093 739 4137 sane
773 4091 882 4136 omnes
914 4089 1006 4133 verae
1037 4069 1248 4135 humanitatis
1279 4067 1373 4133 amici
1395 4067 1434 4131 de
1466 4066 1561 4132 laetis

478 4376 506 4441 1)
526 4377 605 4430 Tusc.
625 4378 642 4428 l.
662 4375 694 4428 ll.
714 4377 739 4428 8.

479 4469 507 4532 2)
526 4464 565 4519 De
584 4463 635 4518 Off.
653 4465 673 4518 1.
693 4467 735 4517 18.
