3406 5496
685 655 705 722 9

139 871 229 952 fiola,
253 872 369 960 quibus
393 868 473 937 vivit
496 870 645 956 vivetque
675 893 732 957 per
764 870 906 938 omnium
934 869 1113 940 seoulornm
1138 893 1259 938 memo·

140 999 233 1077 riam,
257 999 424 1064 sedetiam
447 996 488 1060 ob
507 996 711 1079 prudentiam
730 995 938 1082 singularem,
950 997 991 1061 ob
1011 997 1163 1080 pietatem
1184 1017 1261 1078 erga

141 1123 290 1209 patriam,
304 1123 399 1199 cives,
408 1121 541 1198 amicos3
553 1122 593 1185 ob
605 1119 781 1197 lenitatem,
790 1120 1036 1200 humanitatem,
1047 1120 1260 1197 clementiam,

140 1247 257 1332 quibus
280 1247 453 1312 virtutibus
484 1245 660 1311 excellebat
689 1245 774 1309 inter
804 1266 913 1309 ornnes
936 1243 1096 1329 aequales,
1135 1244 1260 1322 Quare,

141 1371 241 1436 donec
264 1371 444 1436 firmissime
467 1371 721 1436 demonstratum
745 1370 832 1446 erit,
863 1367 943 1432 falsa
975 1390 1043 1432 esse
1066 1371 1162 1452 atque
1186 1389 1261 1433 oon-

140 1495 227 1571 fiota,
251 1517 332 1579 quae
355 1495 394 1559 dc
415 1492 576 1558 Ciceronis
600 1493 722 1558 meritis
746 1493 870 1578 antiqui
893 1493 1140 1578 praedicarunt:
1170 1493 1261 1578 equi-

141 1619 213 1682 dem
237 1619 394 1684 assentior
416 1617 568 1706 Juvenali
590 1603 780 1702 incorrupto
800 1616 850 1681 illi
867 1617 1018 1682 vitiorum
1042 1617 1261 1702 virtutumque

139 1741 256 1826 judici:

231 1865 293 1932 Hic
316 1888 417 1932 novus
440 1866 590 1951 Arpinas,
614 1867 767 1954 ignobilis
790 1870 823 1932 et
846 1868 940 1932 modo
963 1868 1084 1932 Romae

231 1991 435 2076 Municipalis
457 2015 568 2076 eques,
593 1992 756 2078 galeatum
779 1994 871 2076 ponit
895 1993 1013 2078 ubique

232 2116 429 2182 Praesidium
453 2116 600 2181 attonitis
624 2116 710 2180 etin
733 2116 821 2180 omni
844 2119 952 2180 monte
974 2114 1120 2191 laborat3

234 2239 372 2304 Tantum
397 2239 498 2324 igitur
520 2261 629 2304 muros
652 2240 738 2304 intra
761 2244 839 2326 toga
861 2239 999 2304 eontulit
1021 2238 1070 2303 illi

234 2363 381 2430 Nominis
405 2385 442 2428 ac
465 2363 575 2442 tituli,
598 2367 756 2449 quantum
779 2364 852 2428 dein
875 2363 1034 2442 Leucade,
1060 2368 1218 2449 quantum

233 2485 418 2551 Thessaliae
440 2486 560 2570 campis
585 2485 737 2551 Octavius
760 2487 895 2553 abstulit
917 2487 981 2552 udo
1091 2573 1095 2580 ι

232 2609 388 2676 Caedibus
411 2609 546 2675 assiduis
564 2609 690 2696 gladio,
714 2610 769 2675 sed
792 2611 896 2676 Roma
918 2616 1083 2696 parentem

230 2734 334 2798 Roma
355 2737 479 2817 patrem
503 2733 625 2818 patriae
648 2733 832 2799 Ciceronem
855 2734 957 2799 libera
980 2735 1072 2801 dixit.
1094 2739 1117 2822 ¹)

186 2857 297 2922 Fuerit
318 2858 421 2944 igitur
445 2857 555 2923 Cicero
578 2857 682 2922 laudis
706 2859 948 2942 cupidissimus:
974 2859 1057 2924 hanc
1080 2861 1262 2944 cupidinem

142 2982 317 3047 virtutibus
341 2982 483 3066 beneque
507 2983 545 3046 dc
569 2982 673 3066 patria
697 2982 818 3046 meritis
840 2982 967 3066 explere
991 2988 1125 3048 conatus
1149 2988 1207 3048 ost.

186 3104 308 3170 Verum
331 3104 371 3168 ad
383 3105 583 3189 propositum
606 3105 778 3169 redeamus.
800 3105 1033 3181 Quaerentibus
1045 3107 1147 3191 igitur
1160 3108 1266 3185 nobis,

144 3229 268 3314 quade
299 3250 394 3292 causa
428 3227 642 3312 composuerit
669 3227 779 3293 Cicero
812 3228 887 3293 illos
911 3229 949 3294 de
973 3229 1109 3296 Oratore
1144 3230 1265 3308 libros,

144 3355 301 3436 apparet,
325 3351 386 3416 hoo
416 3373 543 3436 quoque
578 3374 672 3435 opere
706 3352 800 3417 illum
823 3353 959 3438 gloriam
990 3354 1117 3438 quidem
1141 3357 1267 3439 quaesi-

144 3477 238 3555 visse,
250 3477 305 3541 sed
313 3475 478 3540 serviendo
487 3498 617 3540 suorum
630 3475 747 3540 civium
756 3478 938 3542 commodis.
948 3478 1033 3542 Nam
1045 3479 1111 3543 sive
1121 3483 1267 3562 tempora

143 3601 391 3687 investigamus,
416 3601 481 3664 sive
504 3601 604 3685 ipsius
628 3600 789 3666 Ciceronis
813 3601 952 3667 indolem
977 3625 1013 3666 ac
1034 3625 1138 3667 mores
1162 3605 1267 3668 consi·

144 3724 303 3802 deramus‚
325 3724 392 3788 sive
416 3724 456 3787 ad
478 3721 650 3790 domestica
674 3726 825 3809 adjuncta
848 3726 1056 3810 respicimus;
1080 3728 1146 3792 sive
1170 3726 1267 3791 etiarn

145 3848 307 3931 propriam
316 3848 472 3912 rationem
488 3847 603 3912 horum
625 3849 782 3913 librorum
799 3849 1018 3924 observamus3
1043 3850 1182 3934 undique
1202 3851 1268 3914 col·

144 3972 268 4058 ligitur,
288 3970 472 4036 Ciceronem
486 3971 547 4036 hoo
562 3973 623 4037 sibi
645 3975 857 4058 proposuisse,
872 3978 909 4038 ut
933 3974 993 4037 hac
1017 3996 1074 4036 sua
1094 3973 1268 4056 scriptione

145 4095 264 4180 populo
295 4117 352 4159 suo
380 4094 583 4174 consuleret,
611 4119 705 4180 quem
729 4121 748 4160 a
778 4120 811 4162 se
835 4101 999 4163 servatum
1032 4096 1117 4161 haud
1150 4096 1268 4180 injuria

146 4220 355 4306 gloriabatur.
380 4219 614 4304 Persequamur
637 4220 774 4306 singula.

186 4488 212 4556 1)
230 4485 284 4543 sa.
304 4485 365 4541 vul
383 4505 407 4542 v.
427 4489 480 4541 aar
499 4504 555 4560 sqq.
