3432 5498
973 633 1015 707 82

435 855 564 946 pergit:
605 849 654 924 Tb
686 855 828 942 [nsidera
863 849 954 938 ἔγωγ’
993 843 1063 920 οἷόν
1095 847 1212 921 τέἶυαι
1251 863 1319 930 τοῖς
1352 855 1457 940 λόγοις
1496 857 1561 922 καὶ

435 978 472 1049 ἓν
506 987 698 1071 δικαστηρίῳ
733 983 881 1053 δικαστὰς
913 977 969 1044 καί
1001 976 1037 1044 ἐν
1058 979 1277 1068 βουλευτηρίῳ
1299 975 1475 1064 βουλευτὰς
1496 982 1561 1046 καὶ

436 1103 472 1174 ἔυ
510 1107 599 1194 ἄλλῳ
637 1105 779 1192 ξυλλόγῳ
823 1109 953 1182 παισί,
989 1098 1075 1178 ὅστις
1114 1097 1155 1168 ἂν
1190 1098 1358 1178 πολιτικὸς
1402 1105 1560 1188 ζύλλογος

435 1238 591 1321 γίγνηται.
618 1229 644 1313 ¹)
671 1229 745 1296 Jam
780 1249 857 1294 vero
887 1226 966 1292 haec
995 1226 1172 1312 simplicius
1195 1231 1293 1313 atque
1315 1229 1443 1294 brevius
1465 1228 1558 1294 dicta

435 1355 595 1441 amplifica
622 1351 861 1439 aliquantulum
888 1355 985 1436 atque
1009 1372 1092 1437 auge
1124 1389 1164 1400 —
1204 1349 1338 1418 habebis
1371 1352 1439 1417 lere
1471 1351 1557 1416 Tul·

435 1479 523 1546 liana
554 1478 647 1544 baec:
685 1475 807 1554 »Quid
830 1479 897 1540 tam
923 1477 1037 1560 potens
1061 1479 1190 1560 tamque
1224 1476 1432 1563 magnificum
1455 1497 1559 1561 quam

435 1601 547 1688 populi
587 1604 714 1678 motus,
755 1598 900 1684 judicum
940 1598 1135 1685 religiones,
1180 1605 1311 1666 senatus
1357 1603 1558 1687 gravitatem

434 1727 530 1792 unius
571 1725 716 1790 oratioue
757 1722 911 1789 converti.
946 1720 1030 1797 Quid
1070 1725 1138 1786 tam
1171 1745 1267 1808 porro
1304 1725 1450 1810 regium,
1484 1729 1556 1789 tam

434 1847 591 1926 liberale,
625 1852 692 1914 tem
732 1847 938 1933 magnificum
971 1867 1068 1930 quam
1098 1867 1191 1932 opem
1220 1849 1305 1913 ferre
1331 1848 1556 1934 supplicibus,

434 1975 573 2041 expilare
593 1973 753 2050 afflictos,
782 1972 858 2038 dare
880 1970 1035 2048 salutem,
1057 1969 1194 2037 liberare
1221 1972 1389 2057 periculis,
1413 1972 1556 2038 retinere

434 2098 579 2166 homines
601 2097 635 2161 iu
659 2096 822 2162 civitate''.
843 2133 884 2146 --
905 2093 1013 2180 Atque
1031 2093 1112 2159 illud
1135 2095 1245 2163 etiam:
1264 2099 1394 2162 »statuo
1418 2096 1557 2181 perfecti

433 2222 571 2288 oratoris
594 2221 811 2287 moderatione
839 2225 872 2284 et
894 2219 1053 2304 sapientia
1072 2240 1135 2284 uon
1159 2219 1263 2284 solum
1284 2219 1385 2305 ipsius
1408 2219 1556 2306 dignita-

433 2353 499 2413 tem
522 2347 575 2411 sed
598 2349 632 2411 et
654 2345 852 2432 privatorum
871 2343 1081 2429 plurimorum
1098 2346 1130 2408 et
1151 2343 1317 2408 universae
1333 2344 1381 2409 rei
1403 2343 1554 2430 publicae

435 2468 572 2535 salutem
597 2468 736 2534 maxime
760 2468 950 2534 contineri.'’

480 2591 679 2658 Contradicit
704 2591 863 2671 Socrates,
886 2594 942 2678 qui
965 2598 1014 2659 est
1037 2593 1122 2678 apud
1149 2590 1341 2658 Platonem:
1370 2592 1470 2659 rideri
1491 2593 1557 2658 sibi

436 2717 589 2804 Gorgiam
617 2717 708 2801 quasi
740 2717 869 2783 σκολιόν
895 2716 1055 2803 quoddam
1082 2716 1242 2782 cecinisse.
1280 2716 1346 2783 Gur
1375 2718 1445 2783 ital
1479 2713 1557 2784 »ὅτι

437 2863 488 2908 σοι
517 2836 620 2907 αὐτίκ’
652 2836 693 2908 ἂν
715 2853 920 2930 παρασταῖεν
943 2842 976 2907 ol
999 2842 1189 2931 δημιουργοί
1191 2888 1272 2909 .....
1302 2841 1412 2929 ἰατρός
1438 2845 1555 2908 τεκαὶ

436 2969 646 3055 παιδοτρίβης
672 2968 727 3032 καὶ
748 2967 978 3055 χρηματιστής,
997 2967 1024 3052 ²)
1044 2965 1164 3051 quippo
1180 2965 1236 3051 qui
1260 2971 1447 3034 accusarent
1470 2965 1555 3034 Gor·

437 3091 535 3178 giam,
558 3091 644 3175 quod
667 3114 714 3169 ea,
734 3113 817 3176 quae
844 3092 986 3176 ipsorum
1006 3094 1121 3170 essent,
1146 3091 1268 3157 oratori
1286 3092 1462 3158 tribuisset.
1485 3093 1554 3159 Ne·

437 3238 499 3301 que
511 3216 605 3281 aliter
623 3216 656 3280 iu
673 3215 781 3281 eadem
800 3239 896 3282 causa
908 3216 991 3300 apud
1008 3214 1193 3280 Ciceronem
1206 3213 1373 3281 Scaevola:
1386 3215 1555 3303 »Agerent

437 3345 542 3406 tecum
568 3341 641 3426 lege
663 3340 803 3427 primum
820 3340 1030 3427 Pythagorici
1046 3361 1156 3406 omnes
1172 3360 1209 3404 ac
1228 3331 1417 3406 Democritii
1439 3341 1555 3406 ceteri·

437 3487 500 3550 que
522 3487 580 3530 sua
601 3465 635 3529 iu
654 3467 726 3550 jure
749 3465 873 3550 physici
897 3464 1102 3529 vindicarent.
1119 3462 1282 3548 Urgerent
1299 3468 1465 3550 praeterea
1480 3465 1555 3549 phi-

437 3589 645 3674 losophorum
670 3611 839 3676 greges...
864 3588 978 3654 missos
994 3588 1076 3653 facio
1095 3587 1351 3666 mathematicos,
1366 3589 1554 3675 grammati·

438 3736 500 3792 cos,
510 3713 723 3780 musicos.'’--
733 3711 941 3779 Percontauti
949 3717 1056 3778 autem
1065 3711 1233 3777 Socratidc
1243 3711 1348 3791 rebus,
1360 3714 1553 3797 quaeedar·

438 3843 504 3904 tem
521 3837 686 3916 medicam,
699 3837 857 3917 usualem,
871 3837 1055 3916 militarem,
1068 3837 1107 3900 ad
1121 3837 1369 3902 architecturam
1381 3838 1554 3922 pertinent,

437 3983 544 4028 nonne
565 3961 673 4045 potius
684 3983 793 4027 earum
812 3983 919 4027 rerum
934 3961 1028 4047 periti
1043 3959 1147 4027 audiri
1158 3960 1282 4025 soleant
1292 3982 1389 4045 quam
1400 3965 1554 4041 oratores,

438 4086 610 4172 respondet
632 4084 784 4172 Gorgias:
808 4085 841 4151 οἱ
867 4079 997 4174 ῥήτορές
1025 4084 1106 4151 εἰσιν
1134 4086 1166 4151 οἱ
1193 4085 1473 4170 συμβουλεύοντες
1499 4088 1556 4158 καὶ

472 4393 499 4452 l)
520 4387 550 4444 P.
570 4393 623 4445 lna
641 4388 673 4445 D.
693 4419 726 4428 -
745 4388 785 4445 De
802 4389 848 4443 Or.
867 4388 887 4444 l.
906 4387 949 4444 3¹.
971 4405 1027 4461 sqq.

473 4478 499 4554 λ)
519 4478 547 4538 Ρ.
568 4482 619 4534 las
638 4480 670 4536 Α.
691 4509 724 4516 -
743 4479 782 4535 De
800 4478 844 4534 Or.
863 4479 883 4542 l,
904 4482 946 4547 42.
