3406 5496
697 613 739 708 m

164 854 324 921 Oratore”
349 853 390 919 ab·
412 853 507 918 initio
531 873 713 930 monemur,
741 874 826 917 »non
851 853 968 918 veteris
990 851 1185 938 puerilisque
1208 851 1281 918 ‹loc-

165 979 270 1043 trinae
298 977 460 1064 quendam
493 976 639 1041 ordinem
667 976 947 1060 praeceptorum''‚
976 998 1080 1060 neque
1111 999 1148 1041 ea
1174 977 1281 1041 omnia

167 1123 271 1186 »quae
295 1099 409 1166 Graeci
433 1099 556 1164 dicendi
579 1098 717 1168 artifices
740 1102 773 1163 et
795 1098 940 1164 doctores
954 1098 1174 1183 reliquerunt”
1191 1101 1283 1165 nobis

165 1225 321 1290 traditum
343 1224 394 1292 iri
419 1222 519 1307 Cujus
542 1222 588 1286 rei
606 1222 765 1287 rationem
781 1223 924 1287 reddens.
948 1220 1051 1288 ›Cum
1070 1223 1283 1308 illapsurum,

164 1351 281 1436 inquit,
304 1351 337 1416 in
358 1353 575 1436 promptuque
597 1349 663 1414 sint
682 1349 832 1413 omnibus
854 1371 958 1434 neque
969 1371 1007 1415 es
1017 1349 1282 1432 interpretatione

166 1498 236 1540 mea
270 1479 327 1540 aut
356 1473 500 1540 ornatius
531 1477 588 1537 aut
613 1472 742 1557 planius
771 1473 906 1557 exprimi
935 1472 1093 1558 possint.''
1117 1471 1144 1559 1)
1179 1474 1281 1551 Quam

166 1599 325 1664 rationem
348 1620 386 1662 ex
408 1597 448 1661 iis
472 1617 555 1680 quae
577 1595 715 1660 diximus
734 1596 803 1681 jam
827 1595 919 1660 licuit
938 1599 1102 1683 augurari.

211 1723 255 1788 Et
279 1725 376 1800 certe,
397 1742 593 1806 quamquam
604 1719 697 1786 nulla
716 1743 756 1786 ex
774 1720 953 1804 praecipuis
976 1721 1055 1788 artis
1077 1723 1224 1807 partibus
1246 1724 1280 1788 in

166 1846 218 1911 his
240 1845 330 1910 libris
353 1849 402 1910 est
426 1844 553 1930 penitus
576 1844 702 1922 omissa,
726 1844 858 1930 vulgata
882 1848 990 1911 tamen
1013 1851 1182 1931 praecepta
1211 1854 1280 1912 tam

166 1968 312 2034 celeriter
335 1972 585 2052 percurruntur,
616 1973 653 2033 ut
679 1967 777 2054 longe
807 1969 910 2052 major
943 1991 1017 2053 pars
1047 1971 1147 2036 totius
1175 1973 1280 2056 operis

167 2097 315 2158 versetur
336 2093 371 2158 in
393 2093 455 2169 iis,
486 2114 589 2176 aquae
613 2090 686 2175 plus
710 2114 805 2176 quam
831 2091 902 2175 ipsa
933 2115 985 2157 ars
1014 2099 1170 2177 putantur
1203 2119 1279 2180 pro-

166 2216 288 2282 desse.’'
325 2214 471 2293 Scilicet,
496 2219 533 2279 nt
551 2216 664 2280 eodem
693 2215 763 2280 loco
793 2216 1007 2301 significatur,
1031 2240 1095 2282 non
1117 2223 1187 2284 tarn
1209 2220 1280 2304 ipsa

166 2340 292 2406 dicendi
315 2361 366 2404 ers
398 2340 489 2405 nobis
518 2339 594 2403 data
623 2361 721 2423 opera
748 2339 950 2423 explicatur,
977 2364 1072 2426 qnam
1096 2345 1279 2410 referuntur

166 2486 270 2549 »quae
293 2464 355 2530 viri
372 2464 513 2528 omnium
537 2462 788 2548 eloquentissimi
811 2463 1040 2550 clarissimique
1062 2468 1219 2534 senserint
1240 2492 1279 2534 ac

162 2587 402 2673 disputaverint
431 2587 470 2652 de
496 2587 584 2652 omni
614 2587 740 2652 ratione
766 2587 890 2653 dicendi
903 2590 933 2668 ,'‘
953 2611 995 2656 ea
1017 2594 1125 2656 tamen
1146 2592 1218 2681 lege
1240 2598 1279 2659 ut

164 2735 275 2778 eorum
298 2711 494 2790 auctoritas,
518 2712 637 2796 quibus
665 2735 789 2778 summa
818 2712 942 2777 dicendi
972 2713 1044 2779 laus
1073 2737 1094 2779 a
1124 2716 1278 2784 Romanis
1332 2798 1334 2802 .

163 2859 311 2903 concessa
334 2838 392 2915 sit,
417 2837 545 2903 Graecis
569 2841 794 2921 anteponatur.
817 2835 855 2902 Id
874 2841 937 2915 est,
959 2837 1021 2903 nisi
1044 2839 1152 2905 fallor:
1177 2842 1278 2926 ipsius

160 2960 327 3027 Ciceronis
350 2961 511 3026 sententia
531 2961 572 3025 de
595 2961 682 3025 omni
693 2961 818 3026 ratione
829 2959 964 3040 dicendi,
976 2963 1093 3047 partim
1108 2965 1278 3050 disciplina

162 3090 312 3170 accepta,
341 3087 461 3171 partim
491 3108 550 3150 usu
581 3089 614 3150 et
639 3085 835 3169 experientia
864 3089 936 3165 orta
963 3085 1048 3152 clare
1077 3087 1165 3154 lrisce
1185 3088 1277 3155 libris

160 3211 346 3295 exponitur.
365 3211 459 3287 Quod
483 3212 510 3275 si
533 3211 727 3295 quaerimus,
741 3211 946 3294 -quoniam
962 3211 1067 3278 multa
1087 3214 1217 3279 omnino
1236 3215 1278 3280 de

164 3333 351 3420 eloquentia
374 3335 531 3420 disputari
554 3338 742 3420 possunt-
766 3357 924 3419 quaenam
948 3335 991 3400 sit
1013 3337 1184 3422 praecipua
1202 3339 1282 3404 doc-

166 3459 255 3525 trina
274 3463 312 3524 et
334 3460 426 3544 quasi
447 3481 573 3526 summa
596 3459 756 3524 sententia
770 3458 864 3543 hujus
883 3459 1113 3537 institutionis3
1136 3461 1283 3546 equidem

165 3583 313 3649 omnibus
325 3583 533 3648 consideratis
554 3584 662 3648 nullus
682 3583 807 3660 dubita,
825 3585 903 3668 quin
917 3607 956 3649 ea
973 3584 1015 3648 sit
1032 3586 1173 3665 dicenda,
1186 3610 1283 3672 quarn

162 3706 199 3770 in
229 3707 365 3792 prologo
395 3706 525 3771 secundi
552 3707 627 3772 libri
655 3708 779 3773 Tullius
804 3708 963 3791 expressis
994 3710 1098 3776 verbis
1122 3712 1282 3777 enunciat.

165 3828 218 3894 sie
242 3830 325 3896 enim
349 3831 476 3895 scribit:

212 3955 323 4019 »Illud
340 3967 385 4019 eet
407 3955 499 4042 hujus
516 3957 671 4023 institutae
692 3958 869 4042 ·ocriptionie
891 3981 926 4020 oc
948 3959 1109 4043 temporie,
1133 3960 1283 4025 nemiuem

162 4077 335 4166 eloquentia
355 4103 417 4146 noa
445 4082 536 4146 modo
559 4087 623 4147 eine
646 4083 768 4148 dicendi
793 4083 932 4148 doctrina
961 4085 1016 4147 ecel
1047 4106 1084 4147 ae
1105 4087 1171 4148 eine
1197 4085 1285 4148 omni

163 4205 287 4290 quidem
308 4206 459 4290 eapiemia
474 4204 590 4290 florere
612 4229 748 4292 unquam
772 4217 800 4268 et
816 4217 978 4290 praestare
996 4204 1164 4292 poluisse.'’
1190 4210 1216 4295 ²)

164 4385 325 4395 ——-—

202 4469 454 4543 nmmum
526 4467 770 4542 sumna
