3432 5498
684 693 687 700 .
703 640 765 713 111

220 852 308 935 Quae
331 877 404 928 oum
427 856 474 926 ita
497 857 584 939 sint,
608 859 634 926 si
654 860 722 944 jorn
746 881 845 941 nunc,
874 859 967 947 quasi
990 856 1134 929 confecto
1157 856 1281 942 itinere.

167 983 252 1048 riam
275 1006 372 1068 quam
397 984 516 1048 emensi
546 1005 656 1048 sumus
678 983 841 1068 paulisper
861 985 1059 1069 respicimus,
1082 987 1194 1072 negari
1218 1008 1282 1052 non

167 1127 259 1188 posse
285 1108 411 1174 videtur
434 1107 618 1174 Ciceronem
648 1129 764 1193 magna
788 1131 859 1174 cum
883 1109 1054 1194 prudentia
1083 1110 1149 1174 suis
1173 1113 1284 1174 aucto·

165 1227 253 1293 ribus
289 1252 356 1295 esse
397 1253 502 1295 usum.
548 1232 748 1314 Quamquam
787 1232 955 1297 Platonem
997 1235 1139 1299 omnium
1178 1234 1284 1319 philo-

168 1351 342 1435 sophorum
364 1353 541 1438 principem
566 1353 779 1433 existimabat,
799 1355 928 1420 minime
940 1358 1047 1420 tamen
1060 1357 1094 1421 iu
1107 1359 1176 1442 ejus
1188 1359 1284 1423 verba

167 1475 316 1560 magistri
336 1475 460 1559 juravit
483 1480 540 1540 aut
563 1477 655 1561 quasi
676 1476 716 1541 ad
739 1476 892 1556 litteram,
914 1483 952 1542 ut
975 1479 1070 1544 multi
1087 1470 1285 1546 calumnian-

167 1603 230 1676 tur,
253 1599 323 1682 ejus
346 1600 432 1664 dicta
455 1600 669 1683 transcripsit.
693 1599 838 1666 Platonis
862 1605 895 1665 et
920 1601 1050 1666 monitis
1074 1601 1228 1668 adductus
1251 1607 1285 1666 et

166 1721 362 1786 auctoritate
385 1743 463 1786 usus
493 1723 658 1787 scientiam
684 1745 792 1788 rerum
823 1723 1073 1799 commendavit3
1107 1724 1154 1788 ita
1176 1729 1284 1789 tamen

167 1847 204 1906 ut
226 1844 389 1909 doctrinas
412 1844 485 1909 illas
517 1867 626 1910 omncs
647 1847 916 1930 amplecteretur,
939 1868 1020 1930 quas
1046 1847 1080 1911 in
1103 1847 1213 1911 eodem
1236 1869 1285 1911 ar-

167 1969 321 2051 gumento
338 1968 582 2033 commendabat
603 1967 801 2036 Aristoteles.
822 1969 935 2053 Neque
961 1969 1152 2053 sapientiam
1183 1969 1285 2034 voluit

166 2112 269 2174 neque
297 2091 420 2156 dicendi
454 2098 556 2157 artem
586 2115 713 2158 omnem
746 2094 780 2186 in
814 2115 879 2158 una
909 2092 1066 2158 contineri
1097 2091 1284 2172 dialectica,

168 2213 221 2278 sed
252 2213 404 2280 Isocratis
434 2216 578 2301 vestigiis
608 2217 762 2281 insistens
796 2217 1038 2282 collocationem
1072 2216 1284 2282 elocutionem

168 2337 325 2403 actionem
368 2344 401 2403 et
434 2340 583 2424 aequales
618 2345 650 2406 et
680 2345 825 2426 posteros
867 2339 1012 2425 exemplo
1045 2340 1286 2426 praeceptisque

168 2461 288 2526 docuit.
312 2461 401 2546 Opus
425 2463 613 2548 conscripsit
634 2465 681 2528 ita
703 2467 935 2547 comparatum,
958 2467 995 2527 ut
1016 2463 1160 2549 legentes
1175 2483 1286 2527 omnes

169 2585 209 2650 ad
229 2585 405 2651 multarum
429 2607 538 2652 rerum
561 2587 668 2651 studia
692 2586 897 2652 vehementer
929 2587 1131 2663 stimularet3
1164 2586 1198 2650 in
1222 2606 1286 2669 quo

169 2710 265 2775 simul
288 2712 397 2775 tamen
424 2710 527 2794 ipsam
557 2710 682 2776 dicendi
720 2714 824 2775 artem
853 2713 920 2774 tam
954 2710 1084 2796 egregie
1106 2708 1289 2793 explicavit,

170 2837 208 2897 ut
231 2836 392 2918 quotquot
414 2838 525 2917 postea
548 2834 586 2899 de
617 2833 802 2918 eloquentia
832 2833 1018 2917 scripserint
1039 2833 1100 2898 viri
1122 2831 1287 2898 humanis·

170 2957 242 3022 simi
266 2957 329 3021 toti
352 2957 393 3021 ab
415 2955 503 3022 hisce
525 2957 564 3021 de
588 2956 724 3021 Oratore
746 2956 838 3021 libris
861 2956 1032 3041 pendeant.

226 3082 297 3147 Hoc
326 3104 427 3147 unum
458 3081 623 3159 dolemus,
646 3081 731 3165 quod
766 3081 870 3145 minus
900 3081 939 3145 de
962 3079 1105 3166 ¹veritate
1132 3078 1287 3145 sollicitus

171 3227 242 3271 cum
275 3205 541 3290 philosophorum
568 3205 699 3269 inventa
729 3208 800 3269 tum
834 3208 956 3270 ceteras
985 3203 1165 3282 doctrinas,
1204 3225 1287 3286 quae

170 3329 298 3395 volebat
320 3329 519 3414 percognita,
545 3349 582 3393 eo
605 3329 713 3413 potius
736 3328 913 3414 dirigebat,
937 3333 974 3392 ut
996 3331 1104 3411 posset
1126 3327 1288 3410 disputare

172 3455 205 3519 in
228 3458 399 3536 utramque
423 3457 556 3536 partem,
580 3473 677 3535 quarn
701 3455 748 3530 ut,
772 3451 849 3535 quid
872 3473 981 3516 verum
1005 3453 1087 3515 esset
1111 3450 1144 3514 in
1161 3470 1288 3534 quaque

171 3599 205 3642 re
237 3581 294 3643 aut
322 3577 394 3661 ipse
424 3576 558 3641 disceret
592 3579 649 3640 aut
678 3575 760 3639 alios
791 3575 945 3640 edoceret.
980 3573 1072 3649 Quod
1097 3573 1125 3637 si
1147 3572 1289 3657 penitius

172 3701 363 3786 sapientiam
397 3699 583 3765 Aristotelis
623 3703 706 3764 esset
739 3701 957 3783 perscrutatus
991 3701 1024 3762 et
1060 3718 1168 3762 veram
1198 3694 1289 3759 illam

171 3824 331 3910 judicandi
366 3828 467 3889 artem
501 3844 521 3887 a
548 3822 685 3888 Platone
707 3820 911 3899 inchoatam,
938 3820 980 3884 ab
1007 3818 1182 3885 Aristotele
1216 3840 1289 3903 per·

172 3950 290 4017 factam
312 3952 410 4032 atque
433 3947 634 4032 completam,
658 3949 691 4010 et
709 3946 800 4030 justo
818 3943 868 4010 sui
893 3943 998 4027 pretio
1020 3942 1233 4021 aestimasset,
1256 3946 1290 4007 et

171 4074 369 4160 frequentius
392 4093 429 4137 ac
462 4071 650 4158 diligentius
673 4072 879 4154 usurpasset;
906 4071 986 4151 quot
1020 4065 1194 4149 qualesque
1221 4064 1289 4129 eri-

172 4200 273 4264 tasset
297 4214 443 4269 errores3
468 4197 590 4277 quanto
614 4192 712 4258 etiam
740 4188 946 4255 excellentior
972 4194 1081 4254 orator
1103 4189 1288 4272 dicendique

170 4321 325 4407 magister
351 4316 537 4383 exstitisset.
561 4314 683 4381 Verum
706 4314 787 4380 illud
808 4313 923 4378 vitium
946 4334 1010 4378 nou
1029 4317 1096 4376 tam
1118 4311 1180 4395 ipsi
1198 4309 1289 4375 Cice·

171 4444 253 4525 roni,
265 4447 302 4509 ut
314 4441 406 4508 initio
418 4440 565 4519 diximus,
577 4460 673 4527 quam
686 4437 817 4504 illorum
829 4440 1010 4526 temporum
1023 4433 1227 4530 perversitati
1239 4438 1289 4506 est
