3432 5498
690 661 732 736 93

149 885 221 952 arte
256 878 412 952 contineri
446 881 680 971 profiteantur,
704 880 855 968 expendit
886 879 954 967 jam
989 877 1153 963 Socrates,
1188 903 1269 972 quae

151 1008 341 1075 elocutionis
383 1008 666 1093 collocationisque
710 1009 880 1093 praecepta
931 1028 951 1070 a
996 1006 1083 1072 Tisia
1128 1009 1270 1095 Thrasy·

151 1135 271 1200 macho
318 1134 455 1199 Prodico
497 1133 687 1218 ¹Protogaro
736 1133 801 1198 sint
842 1131 957 1217 posita.
1013 1129 1101 1206 Quae
1142 1134 1270 1218 quidem

155 1259 264 1325 omnia
286 1259 349 1344 ipsi
384 1259 492 1344 potius
523 1259 563 1323 ad
587 1281 634 1336 ea,
658 1262 838 1344 quaesunt
864 1261 938 1322 aute
967 1261 1086 1333 artem,
1110 1279 1206 1342 quam
1232 1263 1271 1326 ad

151 1383 254 1468 ipsam
278 1387 382 1448 artem
405 1383 555 1448 videntur
577 1383 755 1469 pertinere:
791 1381 874 1447 sieut
903 1379 1097 1446 medicorum
1127 1403 1179 1446 ars
1207 1405 1271 1450 nou

74 1499 79 1506 ’
152 1507 354 1572 contineatur
385 1507 598 1572 remediorum
632 1507 837 1592 cognitione,
873 1505 927 1570 sed
957 1505 989 1570 iu
1018 1504 1079 1570 hoc
1102 1510 1139 1570 ut
1162 1511 1271 1572 teneas

153 1632 280 1717 quando
303 1633 484 1718 atquibus,
508 1637 541 1698 et
565 1655 629 1718 qua
644 1633 768 1697 ratione
791 1631 965 1696 medicinae
985 1629 1050 1694 sint
1062 1629 1270 1706 adhibendae.

153 1756 221 1821 Nec
244 1757 361 1822 mirum
386 1760 495 1822 tamen
524 1757 583 1821 illa
607 1779 626 1821 a
656 1756 839 1822 rhetoribus
862 1777 938 1820 suae
964 1752 1025 1820 arti
1048 1754 1167 1820 tribui:
1202 1756 1270 1820 dia·

154 1879 286 1945 lecticae
310 1880 394 1944 enim
418 1880 549 1965 ignaros
568 1884 669 1945 arteni
687 1879 810 1944 dicendi
828 1901 869 1942 ne
886 1878 1017 1944 definire
1029 1878 1154 1962 quidem
1168 1902 1270 1964 posce.

198 2003 424 2090 Interrogatus
448 2003 521 2068 dein
545 2026 630 2088 »quo
648 2008 743 2088 pacto
759 2007 791 2068 et
807 2003 889 2067 uude
912 2025 1018 2068 veram
1042 2003 1179 2069 oratoris
1201 2026 1272 2088 per,-

154 2128 357 2211 suasorisque
405 2131 508 2193 artem
547 2128 639 2192 nobis
670 2127 843 2193 vindicare.
862 2128 1068 2212 possimus?”
1103 2131 1272 2213 respondet

156 2250 321 2329 Socrates,
346 2254 384 2316 ut
406 2255 534 2327 orator3
557 2251 600 2316 sis
624 2251 663 2315 ad
685 2251 851 2337 ingenium
874 2255 987 2335 aptum
1010 2253 1272 2320 exercitationem

154 2379 186 2442 et
209 2375 376 2442 scientiam
401 2374 647 2460 adjungendam.
678 2375 783 2451 Quare
799 2375 891 2440 ¹hoec
922 2375 985 2440 tria
1009 2376 1152 2461 postulat
1174 2377 1273 2463 φύσιν
1326 2395 1327 2398 ’

154 2495 340 2588 ἐπιστήμην
363 2521 401 2564 τε
423 2495 478 2564 καὶ
499 2501 695 2588 μελέτην-
714 2499 950 2565 etnihilaliud.
973 2499 1146 2566 Scientiam
1165 2507 1272 2568 autem

112 2593 241 2715 ¹illam
277 2620 441 2687 dialectice
474 2622 700 2707 acquirendam
723 2644 811 2689 esse:
846 2624 917 2706 ideo
939 2623 1094 2691 Periclem
1128 2627 1272 2697 floruisse

153 2747 349 2833 eloquentia,
374 2747 458 2832 quod
494 2745 707 2834 Anaxagorae
734 2748 908 2832 discipulus
930 2749 1113 2816 dialecticae
1142 2774 1271 2839 operam

152 2871 301 2936 dedisset.
326 2869 533 2936 Dialecticam
558 2871 643 2937 euim
666 2894 730 2937 nou
754 2873 847 2937 modo
860 2872 1035 2957 exquirere,
1055 2875 1132 2960 quid
1146 2877 1180 2941 in
1193 2899 1272 2960 qua·

154 3019 216 3081 que
239 3017 275 3060 re
298 2995 342 3060 sit
365 3017 488 3074 verum,
509 2996 563 3061 sed
582 3001 749 3082 praeterea
768 3001 854 3062 recte
869 2997 1047 3063 definiendo
1061 3001 1093 3063 et
1105 2999 1272 3066 dividendo

153 3120 339 3207 dignoscere
362 3124 510 3185 naturam
534 3125 568 3186 et
590 3121 779 3186 varietatem
802 3122 1002 3200 animarum,
1029 3127 1136 3188 motus
1167 3128 1200 3189 et
1224 3126 1273 3188 af·

151 3244 256 3309 fectus
278 3244 481 3330 singularum
508 3250 673 3324 aetatum,
698 3247 774 3332 quid
798 3268 955 3332 quemque
977 3247 1116 3313 maxime
1145 3271 1272 3314 movere
1359 3258 1364 3265 “

151 3368 270 3454 possit3
307 3368 396 3434 brevi
432 3365 600 3458 εὐκαιρίαν
623 3375 656 3436 et
679 3365 831 3458 ἀκαιρίαν
853 3393 964 3436 eorum
995 3372 1159 3452 omnium,
1191 3396 1273 3458 qnae

18 3555 22 3568 ,
152 3493 282 3558 tradant
304 3493 340 3572 ii,
363 3495 420 3578 qui
445 3494 638 3561 rhetoricam
662 3496 864 3579 profitentur.
892 3494 1007 3581 Igitur,
1031 3497 1144 3582 siqua
1168 3498 1273 3565 sitars

148 3617 299 3695 dicendi,
334 3617 500 3683 dialectica
533 3619 713 3698 contineri,
748 3642 831 3705 quae
864 3620 1074 3704 persuadendi
1113 3622 1181 3687 vias
1221 3624 1272 3688 de-

151 3745 317 3808 monstret.
353 3741 524 3807 Neminem
559 3748 668 3809 tumen
703 3745 881 3829 sapientem
916 3743 1098 3809 dialecticas
1137 3746 1273 3832 inquisi-

149 3865 252 3945 tiones
271 3905 313 3914 —-
333 3887 406 3930 cum
429 3868 547 3933 arduae
571 3869 637 3934 sint
659 3874 692 3934 et
715 3870 825 3956 magni
847 3869 967 3934 laboris
986 3869 1273 3936 -instituturum

150 3987 243 4056 ἕνεκα
266 3995 326 4055 τοῦ
350 3992 457 4074 λέγειν
478 3995 533 4057 καὶ
557 3994 719 4082 πράττειν
738 3988 822 4082 πρὸς
841 3989 1049 4081 ἀνθρώπους,
1069 3993 1123 4058 sed
1143 3998 1179 4058 ut
1198 4017 1272 4078 pos·

150 4113 193 4178 sit
216 4118 310 4188 θεοῖς
340 4123 559 4202 κεχαρισμένα
583 4120 688 4201 λέγειν
715 4111 734 4206 ἢ
757 4119 935 4207 aperirem
965 4141 1050 4184 »non
1074 4118 1157 4184 enim
1181 4119 1273 4183 obse-

152 4238 312 4322 quendum
339 4261 406 4304 esse
427 4242 597 4321 conservis,
618 4243 674 4309 sed
691 4242 829 4310 dominis
846 4243 938 4308 bonis
957 4265 1025 4309 esse
1048 4242 1274 4326 obtemperan-

148 4361 255 4427 dum.”
280 4361 453 4429 Oratorem
476 4365 577 4451 igitur
593 4367 699 4433 studia
718 4367 990 4451 disputationibus
1006 4350 1272 4453 philosophorum

148 4486 373 4576 postponenda
396 4510 475 4557 esse.
581 4539 597 4567 ,κ
