3406 5496
1003 636 1046 699 50

465 849 666 934 sapientiam.
693 849 727 913 Si
758 849 829 933 quis
852 849 953 934 igitur
984 846 1137 912 Periclem
1165 849 1222 911 aut
1253 845 1502 914 Demosthenem
1533 868 1583 911 se·

465 973 521 1057 qui
568 973 686 1058 cupiat,
722 977 755 1038 et
793 972 1009 1056 »praeclaram
1043 971 1132 1036 illam
1174 974 1207 1036 et
1250 971 1397 1036 eximiam
1443 969 1581 1055 speciem

464 1097 601 1162 oratoris
628 1097 816 1181 persentiat
843 1096 1136 1181 pulolrritudinem”
1161 1095 1329 1175 adamarit,
1349 1092 1582 1180 aphilosophie

463 1221 655 1304 sapientiam
670 1220 814 1305 accipiat.
840 1221 920 1285 Gom
934 1224 1042 1285 tamen
1058 1241 1121 1284 non
1138 1218 1280 1284 omnium
1299 1218 1490 1302 sapientium
1507 1219 1581 1282 doc·

463 1344 549 1408 trina
565 1343 712 1408 videatur
728 1366 827 1428 aeque
842 1343 1021 1409 dicentibus
1033 1343 1282 1421 accommodata,
1299 1341 1507 1407 Carneadiam
1524 1345 1581 1404 aut

464 1467 702 1532 Aristotelioam
715 1468 778 1533 vim
792 1464 1120 1551 comprehendendam
1141 1487 1209 1530 esse
1225 1503 1261 1514 —
1276 1468 1312 1529 ut
1324 1465 1485 1549 perdoctus
1507 1463 1579 1548 quis

463 1591 520 1654 fiat
544 1596 662 1658 orator.

508 1713 556 1779 Ne
591 1736 686 1799 quem
722 1719 829 1779 tamen
870 1715 1014 1780 infinitus
1048 1714 1104 1779 ille
1136 1713 1227 1780 labor
1261 1713 1438 1789 deterreat,
1472 1714 1505 1776 et
1542 1732 1580 1774 ex

462 1860 520 1901 sua
556 1838 782 1916 institutione,
825 1841 857 1903 et
897 1860 935 1901 ex
978 1838 1113 1903 aliarum
1150 1839 1268 1903 artium
1309 1835 1460 1922 analogia
1499 1835 1579 1900 satis

462 1984 637 2048 apparere:
675 1968 711 2027 ut
741 1963 819 2027 salis
851 1963 951 2026 bonus
975 1964 1033 2027 fias
1056 1967 1186 2042 orator,
1223 1985 1287 2028 non
1310 1983 1378 2025 esse
1402 1982 1469 2025 rem
1494 1959 1578 2024 tanti

463 2088 617 2170 temporis
642 2094 699 2151 aut
727 2086 811 2152 tanti
835 2086 964 2152 laboris.
1003 2087 1112 2171 Atque
1146 2090 1391 2166 commemorat,
1426 2107 1483 2150 cur
1506 2084 1579 2150 rhe-

362 2235 365 2246 ·
463 2216 549 2276 tores
572 2210 704 2276 Latinos
728 2210 859 2277 Graecis
882 2213 978 2276 etiam
1002 2212 1125 2296 pejores
1149 2233 1206 2276 suo
1223 2211 1327 2276 edicto
1349 2209 1499 2293 ejecerit:
1525 2230 1578 2273 eos
1678 2229 1679 2244 ¹

463 2334 710 2399 adolescentium
734 2333 863 2418 ingenia
887 2334 1078 2412 obtundere,
1102 2334 1333 2419 impudentiam
1356 2333 1578 2408 corroborare;

463 2479 534 2521 oum
558 2461 686 2541 praeter
706 2456 966 2522 exercitationem
983 2456 1115 2545 linguae
1130 2457 1308 2523 doctrinam
1328 2463 1361 2524 et
1376 2457 1578 2523 humanitate

463 2580 593 2665 dignam
618 2581 782 2646 scientiam
806 2581 961 2646 haberent
977 2581 1110 2647 nullam.
1130 2582 1272 2647 Tandem
1285 2583 1325 2648 ad
1340 2586 1473 2648 ornatus
1484 2604 1578 2668 prae·

464 2709 556 2788 cepta
569 2704 736 2789 paullatim
751 2705 889 2770 rediens:
903 2728 940 2769 ea
952 2706 1139 2789 praesertim
1149 2705 1298 2790 explicat,
1311 2705 1440 2792 quaead
1449 2705 1578 2771 univer-

463 2851 531 2893 sam
545 2829 721 2894 orationem
734 2830 906 2913 pertinent.
925 2829 996 2895 Non
1018 2830 1122 2894 minus
1133 2852 1230 2914 quam
1242 2829 1403 2895 Antonius
1415 2829 1578 2914 superiore

464 2952 515 3018 die
550 2954 774 3019 tractationem
805 2953 1029 3038 quaestionum
1053 2953 1250 3018 infinitarum
1274 2953 1493 3027 commendat;
1530 2953 1579 3017 di·
1677 2971 1678 2978 ¹

462 3077 709 3155 stributionem,
740 3099 837 3161 quam
872 3077 1041 3163 negligant
1070 3078 1150 3142 artis
1178 3078 1373 3163 scriptores,
1403 3099 1578 3162 earumque

461 3201 690 3287 praestantiam
715 3202 843 3287 egregie
866 3181 1042 3286 explanate
1063 3201 1326 3280 »Ornatissimae
1349 3201 1478 3286 inquit,
1502 3206 1579 3266 sunt

462 3325 621 3390 orationes
644 3346 715 3402 eae,
738 3347 820 3409 quae
845 3324 999 3390 latissime
1023 3339 1193 3410 vagantur,
1216 3329 1248 3389 et
1270 3347 1289 3390 a
1312 3325 1438 3410 privata
1461 3325 1578 3390 aesin-

462 3448 567 3534 gulari
591 3448 808 3515 controversia
832 3471 865 3513 se
889 3448 928 3513 ad
951 3449 1091 3514 universi
1120 3449 1246 3535 generis
1270 3449 1335 3513 vim
1358 3447 1578 3532 explicandam

462 3572 631 3636 conferunt
655 3576 687 3637 et
710 3576 911 3648 convertunt,
936 3577 972 3636 ut
995 3573 1028 3650 ii,
1048 3573 1102 3657 qui
1123 3573 1268 3651 audiunt,
1286 3577 1403 3638 natura
1415 3577 1449 3638 et
1461 3594 1579 3659 genere

462 3699 496 3760 et
519 3695 667 3760 universa
690 3719 724 3760 re
748 3696 886 3781 cognita,
911 3697 949 3760 de
972 3695 1107 3782 singulis
1131 3697 1238 3762 reieet
1257 3697 1445 3762 criminibus
1461 3701 1495 3762 et
1513 3696 1578 3761 liti-

462 3818 522 3882 bus
545 3822 687 3883 statuere
711 3820 865 3904 possint.”
892 3818 1006 3904 ltaque
1026 3841 1152 3884 omnem
1175 3819 1269 3885 istam
1293 3821 1481 3903 prudentiae
1504 3843 1579 3906 pos-

461 3945 644 4022 sessionem,
656 3945 688 4008 in
699 3967 805 4029 quam,
816 3950 852 4010 ut
861 3946 918 4023 ait,
927 3945 1072 4010 homines
1081 3947 1171 4031 quasi
1181 3947 1329 4012 caducam
1339 3949 1437 4029 atque
1445 3965 1578 4009 vacuam

462 4067 663 4132 abundantes
679 4069 745 4133 otio
757 4068 990 4148 insoleverint,
1010 4070 1146 4135 oratoris
1162 4093 1230 4135 esse
1242 4069 1336 4153 eique
1348 4067 1577 4134 vindicandam.

508 4193 590 4258 Dein
610 4194 729 4258 artium
752 4193 940 4259 divisionem
969 4201 1171 4279 conquestos:
1200 4194 1295 4260 >Non
1314 4193 1349 4258 in
1368 4193 1440 4273 hac,
1461 4193 1579 4277 inquit,

463 4313 589 4394 Catule,
611 4339 646 4382 re
669 4317 723 4381 sed
752 4317 785 4380 in
809 4316 880 4381 aliis
896 4318 992 4382 etiam
1016 4317 1232 4403 compluribus
1256 4319 1480 4388 distributione
1502 4345 1578 4406 par·

460 4441 541 4522 tium
563 4462 601 4510 ao
626 4441 827 4529 separatione
850 4441 1090 4531 magnitudines
1114 4446 1189 4508 sunt
1212 4445 1334 4513 artium
1360 4448 1575 4516 deminutae.’'
