3406 5496
971 635 1014 703 52

433 853 584 917 aetatem.
620 847 703 915 Tum
725 847 861 916 Caesar:
885 873 919 916 se
944 873 1007 915 uua
1030 874 1064 918 re
1088 853 1226 920 maxime
1249 859 1444 923 commotum
1468 877 1557 923 esse:

438 973 524 1057 quod
548 974 714 1060 negaverit
736 972 886 1053 Crassus,
911 998 983 1040 eum
1007 977 1149 1061 quinon
1173 977 1236 1044 cito
1266 979 1343 1063 quid
1376 979 1556 1060 didicisset,

432 1120 585 1183 umquam
610 1098 740 1163 omniuo
763 1120 855 1183 posse
877 1099 1065 1183 perdiscere.
1090 1099 1251 1186 Sulpicius
1268 1105 1555 1191 vero,quippequi

433 1245 491 1288 nec
514 1222 723 1289 Aristotelem
746 1223 842 1287 istum
873 1245 977 1308 neque
1004 1223 1199 1291 Carneadem
1223 1227 1398 1306 desideret,
1433 1234 1466 1294 et
1500 1231 1552 1295 cui

432 1348 604 1412 torensium
629 1351 661 1411 et
685 1345 901 1412 communium
927 1348 1071 1435 vulgaris
1094 1351 1236 1436 cognitio
1260 1351 1337 1417 satis
1371 1375 1489 1440 magua
1511 1353 1552 1418 ad

432 1494 513 1549 eam,
538 1493 635 1556 quam
659 1475 793 1556 spectet,
821 1471 1037 1555 eloquentiam
1069 1475 1233 1552 videatur,
1267 1475 1416 1541 Crassum
1439 1476 1550 1554 adid,

431 1597 517 1682 quod
540 1600 609 1662 erat
632 1596 844 1681 propositum,
867 1601 1011 1662 revocat:
1036 1599 1141 1662 »refer
1163 1598 1272 1664 adilla
1283 1604 1327 1678 te,
1338 1599 1455 1685 inquit,
1467 1622 1550 1685 quae

431 1721 470 1786 ad
482 1720 582 1804 ipsius
602 1719 756 1785 orationis
767 1719 894 1784 laudem
910 1719 1175 1807 splendoremque
1186 1722 1382 1806 pertinent.”
1399 1722 1548 1800 Quicum

430 1866 549 1910 morem
573 1847 677 1930 geret,
694 1844 762 1927 jam
784 1843 818 1907 in
843 1844 1083 1932 »pervulgatis”
1106 1847 1182 1925 illis,
1206 1813 1311 1923 mit,
1327 1849 1360 1911 et
1378 1846 1549 1912 »minutis-

430 1969 539 2034 simis''
562 1968 669 2044 rebus,
691 1965 815 2051 reliqua
837 1967 907 2050 ejus
930 1968 1034 2033 oratio
1057 1974 1213 2037 versatur.
1239 1969 1344 2057 Igitur
1359 1970 1548 2038 elocutionis

429 2097 599 2178 praecepte
622 2092 771 2168 breviter,
795 2090 848 2155 sed
872 2090 976 2156 multa
998 2097 1067 2158 arte
1090 2092 1245 2178 explicat:
1268 2093 1348 2158 dicit
1371 2094 1410 2158 de
1433 2095 1547 2159 verbo-

429 2240 501 2282 rum
524 2216 818 2300 sententiarumque
840 2216 970 2301 liguris,
993 2217 1032 2282 de
1053 2217 1262 2284 collocatione
1285 2218 1465 2283 verborum.
1501 2217 1545 2284 De

429 2339 631 2406 efformaudis
655 2343 761 2404 autem
785 2339 922 2423 periodis
937 2339 1039 2425 deque
1054 2362 1186 2407 numero
1209 2342 1361 2420 oratorie,
1376 2381 1415 2390 -
1429 2341 1544 2426 quibus

428 2463 557 2529 excellit
579 2462 691 2528 Cicero
716 2501 755 2510 -
780 2461 889 2547 paullo
913 2462 1009 2528 latius
1032 2464 1185 2549 disputet.
1211 2467 1257 2531 De
1281 2488 1330 2544 eo,
1353 2464 1440 2549 quod
1455 2465 1544 2530 decet

429 2595 463 2654 et
486 2592 598 2673 aptum
622 2593 681 2665 est,
704 2588 972 2672 perpaueaaddit.
996 2588 1162 2655 Peroratio
1185 2589 1314 2654 taudem
1329 2589 1543 2657 omniumho·

427 2736 499 2779 rum
523 2734 704 2777 sermonum
728 2714 765 2776 de
788 2713 903 2778 actione
938 2715 1074 2779 oratura
1101 2714 1280 2798 praeceptis
1314 2714 1405 2799 quasi
1440 2715 1541 2780 cunti·

426 2841 535 2913 netum
560 2857 642 2921 quae
664 2835 760 2913 actio,
783 2857 976 2920 quamquam
1011 2843 1085 2923 post
1114 2838 1331 2904 inventionem
1361 2838 1542 2922 dispositio·

426 2983 499 3026 nem
531 2957 742 3024 elocutionem
784 2960 988 3040 memoriam,
1020 2967 1056 3027 ut
1087 2967 1248 3046 postrema
1270 2983 1344 3045 pars
1367 2961 1541 3028 rhetorices

425 3083 588 3151 numerari
610 3082 711 3160 solet,
735 3086 856 3160 tamen,
879 3087 916 3148 ut
939 3086 986 3150 ait
1005 3085 1148 3164 Crassus,
1173 3085 1230 3150 »in
1253 3085 1386 3150 dicendo
1409 3086 1541 3152 unado·

425 3209 597 3276 minatur.'’
610 3207 672 3274 Sed
684 3207 791 3293 placet
803 3208 841 3272 iis
849 3209 916 3292 jam
929 3210 1026 3275 finem
1037 3210 1237 3276 sermonibus
1248 3209 1422 3294 imponere.
1441 3209 1538 3275 »Sur-

422 3356 546 3421 gamus,
569 3333 676 3418 inquit
700 3331 842 3411 Crassus,
861 3355 982 3419 uosque
1007 3357 1153 3400 curemus
1176 3339 1209 3399 et
1231 3333 1402 3418 aliquando
1426 3332 1540 3400 abhac

422 3459 602 3524 intentione
624 3457 850 3541 disputationis
873 3459 996 3523 animos
1019 3462 1145 3523 nostros
1168 3480 1307 3542 curaque
1328 3457 1505 3523 laxemus.''

467 3709 639 3774 Celerrime
662 3708 907 3792 pervolavimus‚
931 3729 1013 3792 quae
1037 3711 1143 3771 essent
1167 3707 1241 3772 huic
1253 3707 1449 3773 institutioni
1465 3731 1537 3774 cum

420 3836 562 3922 vulgatis
584 3835 750 3900 rhetorum
773 3834 896 3899 artibus
919 3834 1115 3911 eommunia3
1138 3855 1221 3917 quae
1243 3834 1358 3898 horum
1381 3831 1536 3897 librorum

419 3962 550 4046 propria
573 3961 756 4026 viderentur
779 3959 960 4025 accuratius
983 3958 1173 4024 adumbrare
1195 3979 1305 4024 sumus
1334 3958 1449 4025 conati.
1484 3951 1537 4023 lta

419 4085 504 4149 enim
528 4084 709 4150 uniuersam
733 4083 982 4168 disputationem
1005 4081 1166 4148 illustrare
1191 4082 1392 4160 volebamus,
1428 4086 1465 4147 ut
1498 4103 1536 4147 ea

418 4210 607 4293 praesertim
631 4207 767 4273 dilucide
791 4210 1014 4284 cernerentur,
1048 4206 1164 4290 quibus
1197 4205 1268 4292 ipsa
1301 4206 1398 4291 hujus
1431 4207 1536 4291 operis

423 4334 568 4398 doctriua
591 4333 753 4398 videretur
775 4331 942 4397 contineri.
966 4329 1084 4406 Quodsi
1107 4334 1240 4395 conatus
1251 4332 1364 4409 nostri,
1376 4335 1413 4395 ut
1431 4353 1536 4418 spero,

416 4480 481 4526 uon
511 4458 607 4549 plane
638 4459 723 4524 irriti
758 4459 857 4537 suere,
883 4495 923 4508 -·
948 4478 1050 4546 neque
1084 4456 1168 4521 enim
1202 4456 1344 4541 perfecta
1377 4455 1535 4544 quaedam
