3432 5498
693 619 732 692 71

143 835 230 902 tiam
260 859 486 922 pernoscamus
520 838 683 924 penitius,
711 841 883 926 eademque
911 839 1031 925 majore
1063 862 1136 906 oum
1168 839 1267 906 animi

144 962 317 1047 voluptate
340 966 558 1048 perfruamur:
582 967 709 1054 egregie
726 963 1054 1050 juvetexuellentium
1069 963 1268 1049 quomndam

145 1110 284 1172 operum
307 1089 492 1155 memoriam
518 1094 683 1174 repetere,
717 1113 800 1176 quae
829 1090 896 1156 sive
918 1089 959 1153 ad
981 1088 1172 1154 imitandum
1203 1089 1270 1153 sire
1300 1139 1302 1142 .

145 1211 193 1276 ad
227 1212 450 1299 corrigendum
484 1215 551 1280 sive
584 1216 625 1281 ad
647 1215 858 1281 refellendum
890 1214 1027 1298 scriptor
1051 1212 1205 1298 antiquus
1235 1214 1269 1279 in

146 1339 260 1401 mente
283 1335 431 1402 habuisse
454 1337 610 1404 videatur.

197 1460 324 1527 Omissa
350 1461 453 1548 igitur
471 1464 670 1546 quaestione,
693 1486 775 1548 quae
798 1464 883 1530 forte
904 1465 938 1530 in
961 1463 1052 1528 libris
1075 1463 1113 1529 de
1136 1463 1272 1530 Oratore

148 1588 212 1649 aut
241 1585 439 1673 Hermogeni
472 1591 529 1653 aut
559 1587 780 1676 Hermagorae
810 1595 867 1655 aut
901 1589 1059 1654 Paeoenio
1080 1588 1272 1668 debeantur,

148 1730 289 1794 quorum
302 1731 416 1794 opera,
429 1714 589 1777 vetustate
601 1712 775 1797 deperdita,
790 1712 1012 1778 tantummodo
1021 1735 1059 1777 ex
1070 1713 1170 1797 ipsius
1181 1712 1271 1779 Cice·

149 1833 241 1897 ronis
263 1832 353 1898 libris
376 1833 579 1918 aliquatenus
595 1838 724 1903 restitui
746 1841 899 1923 possunt,
922 1835 1007 1903 haud
1029 1837 1144 1903 inutile
1167 1837 1270 1902 visum

150 1959 204 2021 est
228 1955 442 2022 nobilissimos
469 1958 597 2044 aliquos
624 1961 764 2026 exaitare
779 1961 973 2045 scriptores,
1007 1984 1046 2027 ex
1069 1961 1187 2046 quibos
1208 1963 1270 2028 hae

150 2080 322 2147 Tullianae
345 2082 580 2167 disputationes
603 2084 771 2152 manifeste
794 2085 944 2169 pendent.
967 2084 1102 2161 Quinam
1120 2109 1196 2174 ergo
1212 2109 1272 2152 no·

150 2204 204 2269 bis
236 2205 372 2271 adeundi
396 2210 516 2274 emntl
549 2208 728 2276 Audiamus
757 2210 836 2294 quid
865 2207 1004 2274 Lentulo
1027 2231 1086 2276 suo
1108 2211 1272 2295 scripserit

150 2330 222 2414 ipse
244 2330 381 2398 Tullius.

196 2455 338 2541 »Scripsi
361 2458 458 2524 etiam
482 2497 523 2509 -
548 2481 622 2524 narn
646 2459 743 2524 etiam
771 2457 812 2523 ab
841 2457 1039 2526 orationibus
1061 2458 1196 2544 dijungo
1219 2480 1270 2524 me

149 2581 219 2646 iore
251 2580 418 2666 referoque
453 2583 494 2648 ad
526 2583 757 2649 mansuetiores
787 2581 918 2660 Musas,
948 2604 1030 2666 quae
1057 2603 1109 2648 me
1132 2581 1270 2648 maxime

150 2705 236 2771 sieut
253 2705 322 2791 jam
345 2729 364 2771 a
387 2707 491 2791 prima
514 2706 728 2773 adolescentia
750 2705 1015 2773 delectarunt-
1035 2707 1147 2792 soripsi
1169 2706 1271 2793 igitur

151 2831 333 2898 Aristotelio
356 2855 462 2910 mora,
490 2832 777 2918 quaemadmodum
799 2831 929 2916 quidem
951 2830 1062 2909 volui,
1084 2836 1149 2898 tres
1172 2831 1271 2896 libros

151 2957 187 3022 in
210 2956 428 3041 disputatione
453 2980 491 3025 ae
513 2957 641 3045 dialogo
664 2959 703 3024 de
722 2957 868 3036 Oratore,
888 2979 970 3044 quos
981 2955 1121 3022 arbitror
1134 2955 1272 3022 Lentulo

150 3085 210 3147 tuo
231 3081 299 3148 fore
322 3105 386 3148 uon
410 3081 554 3150 inutiles:
579 3083 756 3149 abhorrent
778 3082 864 3148 enim
888 3104 907 3147 a
935 3078 1158 3146 communibus
1177 3101 1271 3164 prae·

152 3207 253 3289 oeptis
275 3210 374 3292 atque
396 3229 523 3273 omnem
546 3208 752 3293 antiquorum
775 3206 1027 3272 etAriatoteliom
1044 3215 1073 3268 et
1088 3203 1272 3270 Isocratium

152 3334 302 3396 rationem
325 3333 495 3396 oratorium
519 3330 808 3417 complectuntur.”
831 3330 857 3418 ¹)

200 3451 314 3538 ltaque
337 3454 377 3519 de
397 3454 580 3519 imitatione
601 3454 752 3520 Tulliana
774 3457 965 3539 quaerentes
987 3452 1127 3536 primum
1145 3451 1272 3518 Aristo·

155 3577 252 3643 telem
276 3581 310 3643 et
333 3577 519 3655 Isocratem,
544 3576 716 3664 magistros
737 3598 814 3641 sane
837 3576 1063 3653 nobilissimos
1075 3575 1162 3640 adire
1177 3575 1274 3642 debe-

155 3723 237 3768 mus.
261 3699 334 3780 Sed,
357 3705 394 3766 ut
416 3701 505 3786 prius
528 3700 568 3765 de
590 3698 732 3765 Isocrate
754 3699 907 3778 dieamus,
929 3699 1015 3765 haud
1037 3699 1084 3764 ita
1107 3700 1201 3766 focile
1224 3705 1274 3766 est

155 3827 253 3912 hujus
276 3848 358 3912 quae
380 3826 499 3891 dieitur
523 3824 704 3890 »rationem
727 3823 924 3890 oratoriam”
953 3824 1104 3890 indicare.
1139 3825 1274 3910 Scripsit

155 3951 211 4016 ille
234 3949 361 4035 quidem
384 3949 526 4033 aliquam
547 3955 675 4036 τέχνην,
688 3987 728 3997 -
741 3947 774 4014 id
796 3947 1176 4015 Aristotelistestimouio
1198 3971 1274 4016 oon-

155 4080 223 4142 stat
246 4113 287 4124 -
314 4096 396 4160 quae
419 4078 528 4139 tamen
552 4095 626 4139 mox
647 4072 807 4138 interiisse
836 4073 974 4138 videtur.
1004 4073 1150 4139 Gioeroni
1172 4074 1273 4152 enirn,

156 4223 228 4267 oum
254 4198 484 4266 eommeataria
507 4220 565 4264 sua
588 4198 626 4263 de
650 4196 839 4263 Inventione
862 4197 1031 4277 scribebat,
1049 4197 1200 4264 lsooratis
1223 4219 1274 4263 ars

195 4472 222 4534 o
241 4469 280 4525 uo
295 4470 358 4525 ram.
377 4469 397 4525 1.
417 4471 443 4524 s.
462 4468 478 4538 a
497 4471 539 4524 aa.
