3406 5496
994 665 1034 730 10

495 873 605 961 Atque
626 876 731 961 primo
755 876 900 962 quidem:
923 879 961 943 ut
982 878 1022 943 de
1043 876 1228 964 eloquentia
1250 879 1419 958 scriberet,
1442 877 1574 945 turbida

450 1000 507 1066 illa
530 1005 675 1085 tempora
697 1024 762 1066 nou
785 1001 879 1066 modo
902 1004 1005 1068 otium
1027 1004 1243 1088 praebuerunt
1265 1007 1495 1089 opportunum,
1516 1003 1573 1068 aed

450 1125 549 1190 etiam
572 1127 664 1209 quasi
688 1127 827 1192 stimulis
861 1129 1024 1194 acerrimis
1049 1129 1264 1196 concitabant.
1299 1128 1457 1205 Quamdiu
1484 1128 1572 1194 enim

450 1249 484 1313 in
508 1249 641 1315 decursu
665 1250 824 1318 honorum
847 1257 916 1318 erat
939 1252 1061 1333 Cicero,
1074 1254 1242 1319 »infinitus
1265 1253 1439 1318 forensium
1463 1274 1572 1317 rerum

450 1372 543 1439 labor
566 1379 599 1439 et
621 1375 808 1442 ambitionis
830 1378 1019 1462 occupati0”
1043 1399 1219 1463 numquam
1242 1400 1317 1443 eum
1338 1378 1477 1442 otiosum
1501 1397 1571 1440 esse

451 1498 617 1576 sinebant;
640 1499 704 1564 fine
726 1504 835 1566 autem
857 1503 969 1587 populi
992 1502 1150 1568 bonorum
1173 1503 1345 1586 impetrato
1377 1500 1455 1585 »qui
1478 1499 1571 1564 loeus

451 1622 569 1706 quietis
598 1627 631 1688 et
660 1625 906 1710 tranquillitatis
935 1626 1137 1711 plenissimus
1160 1627 1228 1691 fore
1253 1624 1441 1691 ridebatur''
1468 1661 1508 1673 -
1532 1626 1571 1686 ot

452 1747 615 1812 verissime
638 1749 894 1833 conqueritur-
907 1751 963 1815 ain
987 1773 1025 1815 eo
1049 1751 1207 1816 maximae
1225 1750 1326 1816 moles
1348 1748 1570 1815 molestiarum

451 1873 485 1935 et
507 1872 799 1938 turbulentissimae
823 1876 1030 1959 tempestates
1053 1874 1277 1940 exstiterunt.”
1299 1873 1325 1959 ¹)
1347 1872 1570 1958 Sequebantur

451 1995 565 2059 turbae
588 1999 621 2060 et
643 1998 801 2080 procellae
824 1998 1010 2078 Clodianae,
1034 1999 1177 2077 exilium,
1200 1999 1332 2064 reditus.
1356 1998 1469 2083 Neque
1492 2018 1568 2062 vero

451 2123 623 2205 antequam
657 2121 691 2185 in
720 2122 883 2208 integrum
915 2127 965 2188 est
998 2123 1166 2188 restitutus
1194 2124 1340 2188 »fructus
1359 2123 1428 2201 otii,
1451 2121 1569 2206 inquit,

451 2244 545 2309 datus
568 2249 617 2309 est
638 2246 678 2310 ad
701 2268 754 2312 aas
776 2249 873 2326 artes,
895 2247 1011 2332 quibus
1034 2270 1053 2311 a
1075 2249 1183 2333 pueris
1205 2247 1304 2313 dediti
1332 2249 1462 2325 fuimus,
1485 2247 1569 2312 cele-

452 2368 589 2434 brandas
621 2370 706 2435 inter
735 2392 857 2456 nosque
881 2370 1095 2436 recolendas.”
1117 2375 1143 2457 ²)
1171 2372 1313 2437 Tandem
1337 2372 1476 2437 otiosum
1499 2393 1568 2437 esse

452 2491 554 2561 licuit.
587 2493 795 2581 Intelligebat
823 2496 908 2560 enim
931 2494 1058 2574 Cicero,
1081 2519 1154 2562 cum
1175 2496 1346 2580 Pompejus
1369 2497 1402 2561 et
1424 2493 1571 2573 Crassus,

452 2618 555 2704 magis
580 2619 611 2683 vi
634 2624 667 2684 et
689 2620 787 2684 armis
809 2642 905 2704 quam
928 2620 1038 2686 liberis
1060 2621 1178 2686 civium
1193 2619 1354 2706 suffragiis
1366 2619 1483 2684 iterum
1495 2641 1572 2684 con-

453 2740 537 2806 sules
559 2742 635 2808 facti
663 2748 791 2822 essent,
821 2744 882 2810 sibi
908 2745 977 2830 jam
1000 2744 1106 2811 locum
1140 2767 1204 2809 non
1227 2764 1294 2810 esse
1320 2743 1355 2808 in
1377 2742 1571 2808 moderando

453 2866 610 2952 regimine
632 2868 785 2947 civitatis,
808 2869 846 2933 de
870 2869 960 2953 eujus
982 2869 1118 2954 imperio
1139 2870 1224 2935 inter
1246 2891 1388 2935 summos
1412 2868 1499 2933 viros
1522 2868 1572 2932 di-

453 2990 636 3058 micaretur.
661 2993 807 3060 Incertus
830 2994 932 3080 igitur
954 2997 1052 3078 atque
1068 2995 1194 3073 anxius,
1217 2999 1326 3059 utrum
1345 2993 1499 3076 Pompejo
1515 2992 1573 3055 ad·

454 3114 610 3194 haereret,
633 3139 674 3182 an
697 3119 805 3202 potius
829 3117 974 3182 Caesaris
994 3118 1140 3202 partibus
1163 3139 1231 3182 sese
1253 3115 1455 3202 adjungeret,
1467 3135 1572 3198 quan-

454 3241 524 3302 tum
546 3261 604 3323 per
627 3241 816 3327 Pompejum
833 3241 944 3320 licuit,
968 3242 1002 3305 in
1026 3241 1151 3306 litteras
1174 3264 1208 3306 se
1231 3240 1363 3306 abdidit.

500 3362 561 3428 Sed
577 3364 654 3449 quid
673 3368 750 3430 tunc
766 3365 871 3451 egerit
884 3366 1091 3450 senseritque,
1103 3365 1171 3450 ipse
1191 3366 1275 3431 clare
1290 3365 1383 3430 docet
1402 3364 1436 3428 in
1449 3362 1507 3427 illa
1523 3362 1565 3426 ad

454 3487 1571 3574 Lentulumepistola,inquadeturbidorerumstutuvebemeutercon-

455 3616 598 3695 questus,
610 3612 799 3697 dignitatem
819 3614 853 3677 iu
869 3614 1036 3679 sententiis
1051 3614 1201 3691 dicendis,
1219 3613 1402 3678 libertatem
1418 3612 1452 3675 in
1476 3632 1572 3694 repu-

455 3734 539 3800 blica
556 3737 747 3820 capessenda
766 3737 924 3802 sublatam
942 3761 1010 3803 esse
1026 3738 1190 3823 deplorat:
1209 3737 1283 3802 »Me
1302 3736 1440 3822 quidem,
1453 3733 1571 3820 inquit,

454 3857 513 3924 illa
531 3881 582 3924 res
602 3860 796 3939 consolatur,
812 3862 897 3944 quod
909 3883 969 3947 ago
981 3861 1008 3925 is
1020 3861 1162 3941 sum,oui
1177 3859 1229 3926 vel
1242 3860 1380 3925 maxime
1396 3858 1572 3924 concedant

455 4006 588 4062 omnes,
612 3988 648 4049 ut
670 3985 722 4049 val
752 4006 790 4049 ea
811 3984 976 4048 defendam
1000 4007 1081 4069 quae
1113 3984 1305 4069 Pompejus,
1341 3983 1391 4048 vel
1423 3987 1572 4060 taceam,

456 4108 506 4173 vel
531 4108 626 4173 etiam
649 4109 700 4187 id,
722 4110 806 4192 quod
830 4109 909 4173 mihi
932 4109 1068 4175 maxime
1086 4109 1192 4186 lubet,
1214 4109 1254 4173 ad
1269 4110 1381 4173 nostra
1399 4129 1449 4172 me
1467 4106 1573 4171 studia

456 4309 616 4324 η.-

492 4414 519 4475 1)
537 4412 577 4468 De
596 4411 642 4467 Or.
661 4414 678 4466 l.
696 4412 715 4479 l,
735 4415 761 4466 1.

492 4500 519 4571 2)
538 4502 604 4557 ibid.
