3432 5498
713 645 754 713 59

169 867 380 941 consectatur,
402 867 439 928 ut
462 886 499 929 ea
517 861 632 949 jubeat
654 863 754 948 sequi,
777 884 859 947 qliae
882 863 1009 948 assequi
1033 885 1126 929 nemo
1149 864 1282 948 posuit?

169 989 399 1074 Nequaquam
429 992 583 1071 perpetuo
613 987 699 1051 enim
723 988 896 1075 signifieat,
919 989 997 1073 quid
1019 990 1053 1054 in
1076 991 1212 1056 oratoris
1235 993 1286 1057 in·

169 1114 338 1178 stitutione
361 1114 404 1178 sit
422 1112 638 1197 perfectionis,
654 1112 730 1195 quid
750 1113 964 1186 necessitatis;
983 1116 1016 1178 et
1035 1115 1182 1197 quamvis
1201 1115 1286 1182 hanc

170 1239 307 1305 oratoris
329 1237 558 1322 praestantiam
581 1237 713 1327 arduam
736 1241 769 1301 et
790 1236 946 1302 excelsam
969 1259 1037 1302 esse
1060 1239 1223 1304 ostendat:
1249 1246 1286 1306 ut

170 1368 276 1428 tamen
298 1385 369 1428 eam
392 1363 594 1447 aliquatenus
617 1362 794 1438 adumbres‚
819 1365 856 1425 ut
879 1362 958 1427 satis
971 1362 1074 1427 bonus
1092 1362 1151 1426 fias
1168 1369 1289 1448 orator,

170 1488 203 1553 id
226 1483 326 1553 modo¹
344 1487 436 1553 bonis
459 1492 551 1553 eatrur
571 1488 641 1564 viis,
660 1509 725 1552 non
737 1485 908 1551 admodum
926 1486 1056 1551 difficile
1076 1509 1143 1554 esse
1162 1489 1289 1571 probat.

171 1609 310 1677 Etiamsi
346 1616 478 1677 conatus
514 1616 641 1676 nostros
675 1612 716 1675 ad
753 1632 913 1675 summum
958 1634 1023 1676 non
1057 1613 1122 1677 sint
1156 1634 1291 1696 perven-

171 1737 259 1814 turi,
301 1737 409 1824 magni
446 1741 553 1801 tamen
588 1735 684 1820 pretii
718 1736 804 1801 fore:
839 1775 880 1784 -
913 1734 1023 1800 multis
1050 1737 1135 1804 euim
1158 1737 1292 1801 rationi·

170 1861 231 1926 bus
265 1864 297 1926 et
330 1859 505 1945 praeclaris
540 1860 696 1944 exemplis
725 1860 944 1938 demonstrat,
975 1861 1133 1944 quamsit
1154 1861 1234 1926 illud
1257 1862 1290 1926 iu

171 1985 307 2050 oratoris
329 1983 436 2049 studio
453 1978 574 2048 ¹verum
606 1983 735 2049 »Prima
765 1972 951 2070 sequentem
982 1985 1152 2051 honestum
1180 1990 1228 2050 est
1257 1987 1289 2050 in

170 2107 316 2172 secundis
359 2107 527 2191 tertiisque
551 2099 746 2173 consistere”
775 2113 937 2194 -atque
970 2109 1023 2174 »in
1052 2110 1290 2193 praestantibus

171 2230 265 2297 rebus
289 2255 407 2318 magne
430 2235 506 2297 sunt
529 2255 576 2307 ea,
600 2255 682 2316 qnae
705 2236 780 2296 snut
803 2233 934 2317 optimis
956 2234 1133 2318 proxima.”

216 2356 302 2433 Quae
324 2357 456 2422 comita
469 2356 543 2436 sint,
568 2358 656 2442 quid,
681 2380 812 2443 quaeso,
828 2359 901 2442 jure
926 2360 958 2423 in
979 2382 1016 2423 ea
1029 2358 1190 2424 Ciceronis
1205 2357 1290 2424 vitu·

170 2480 353 2565 parabimus
363 2481 544 2545 sententiat
553 2480 671 2545 Utrum
683 2482 769 2566 quod
780 2505 838 2567 per
849 2482 1064 2569 eloquentiam
1077 2483 1143 2549 sive
1151 2506 1207 2568 per
1216 2508 1288 2549 ora-

170 2604 250 2669 toris
274 2626 383 2670 vocem
406 2604 599 2688 sapientium
622 2605 728 2670 studia
747 2607 787 2671 ad
810 2607 946 2672 salutem
970 2609 1136 2674 hominum
1165 2609 1290 2675 utilita-

171 2732 302 2813 temque
331 2713 460 2794 volebat
484 2729 626 2793 directa?
666 2729 710 2794 At
744 2731 831 2795 omni
855 2731 982 2816 quidem
1006 2736 1149 2818 tempore
1173 2756 1291 2821 magna

171 2853 233 2918 fuit
256 2853 304 2917 vis
327 2852 546 2937 eloquentiae;
570 2875 628 2918 nec
643 2855 761 2918 attinet
777 2857 944 2922 ostendere
967 2857 1105 2922 multum
1131 2881 1185 2923 eos
1208 2879 1290 2922 sem·

171 2999 229 3062 per
249 2979 290 3042 ad
309 2977 503 3062 populorum
516 2978 652 3042 salutem
665 2976 802 3043 valuisse
815 2980 932 3064 probos
950 2981 1046 3057 viros,
1065 2981 1120 3066 qui
1143 2983 1291 3066 »sapien-

171 3101 237 3168 tia”
262 3102 320 3167 illa
344 3103 493 3187 »copiose
514 3086 683 3188 loquenti’‘
706 3101 919 3168 excellerent:
943 3126 1067 3188 semper
1086 3110 1194 3171 autem
1218 3106 1291 3171 illos

170 3226 336 3313 cogitabat
359 3231 502 3292 oratores
526 3225 653 3303 Cicero,
689 3226 744 3310 qui
768 3231 875 3291 essent
899 3227 960 3291 viri
988 3228 1074 3292 boni.
1107 3228 1161 3293 »Si
1185 3229 1293 3313 probi·

170 3350 261 3428 tatis,
285 3350 415 3435 inquit,
438 3355 471 3416 et
496 3351 687 3436 prudentiae
710 3351 894 3435 expertibus
916 3352 1038 3417 dicendi
1069 3353 1192 3437 copiam
1223 3357 1291 3418 tra·

169 3473 350 3553 diderimus,
374 3497 439 3539 non
456 3497 510 3540 eos
522 3476 649 3560 quidem
662 3477 807 3540 oratores
820 3475 1027 3555 effecerimus,
1044 3478 1098 3542 sed
1109 3476 1290 3542 furentibus

168 3598 320 3682 quasdam
344 3619 433 3662 arma
456 3599 667 3666 dederimus.’'
689 3601 714 3686 ¹)
739 3599 876 3663 Romani
902 3622 987 3677 vero,
1005 3601 1060 3685 qui
1078 3601 1290 3665 eruditionem

168 3725 201 3786 et
224 3721 401 3787 doctrinam
424 3744 515 3787 suam
539 3723 578 3787 ad
602 3724 721 3788 bonum
749 3722 910 3806 publicam
930 3724 1102 3807 cupiebant
1131 3725 1286 3801 conferre,

168 3869 239 3911 eam
267 3846 455 3912 facultatem
483 3848 543 3912 nisi
566 3848 600 3913 in
623 3868 793 3913 causarum
821 3845 1004 3912 defensione
1035 3854 1067 3913 et
1099 3848 1131 3911 in
1156 3848 1201 3911 rei
1226 3871 1287 3930 pu·

167 3969 268 4034 blicae
290 3969 566 4036 administratione
588 3972 642 4036 vix
665 3971 887 4045 inveniebant3
920 3973 1053 4037 »docere
1082 3972 1167 4035 enim
1192 3973 1283 4055 quasi

165 4093 200 4158 in
222 4092 297 4159 ludo
321 4093 510 4180 dignitatem
534 4118 598 4160 non
622 4096 799 4170 habebat’';
822 4097 849 4181 ²)
874 4097 913 4160 ad
936 4117 1048 4160 causas
1071 4094 1283 4161 defendendas

170 4276 330 4285 —-———

204 4396 231 4457 ll
250 4397 289 4453 De
306 4397 351 4452 Or.
371 4398 415 4453 111.
435 4401 478 4453 55.

204 4487 232 4551 2)
250 4485 296 4542 Or.
316 4491 377 4542 144.
