3432 5498
851 657 857 670 “
966 653 1009 722 90

429 873 537 956 petere
560 869 673 948 voluit,
699 875 737 936 ut
759 873 929 958 appareret
952 867 1180 956 eloquentiam,
1203 892 1269 936 non
1292 870 1334 936 ob
1357 893 1471 938 causae
1495 871 1558 938 in-

429 994 627 1071 firmitatem,
652 995 706 1061 scd
729 1000 860 1081 propter
882 994 1026 1080 ineptam
1048 995 1264 1060 defensionem
1289 1017 1357 1062 esse
1380 997 1558 1063 devictam.

430 1120 500 1196 Qua
531 1121 655 1185 ratione
684 1120 821 1206 putabat
844 1141 908 1184 non
932 1117 1026 1184 modo
1048 1119 1214 1203 antiquam
1237 1118 1329 1186 illam
1354 1121 1506 1188 invidiam
1535 1145 1561 1188 a

430 1242 566 1309 Platone
600 1243 800 1330 eloquentiae
834 1242 959 1308 illatam
995 1263 1157 1308 removere
1190 1265 1224 1308 se
1258 1265 1372 1328 posse;
1406 1245 1460 1309 sed
1494 1267 1560 1310 ve-

430 1365 597 1432 hementer
631 1367 728 1432 etiam
762 1367 833 1452 ipsa
860 1365 948 1432 illius
979 1365 1100 1453 dialogi
1135 1367 1354 1432 recordatione
1389 1389 1559 1434 commen·

431 1491 507 1557 dare
539 1492 594 1570 id,
629 1492 715 1577 quod
748 1491 885 1558 maxime
918 1491 1102 1576 spectabat:
1135 1489 1325 1556 »Neminem
1364 1491 1559 1575 eloquentia

432 1637 496 1682 non
538 1614 631 1681 modo
662 1617 731 1682 sine
765 1615 891 1682 dicendi
924 1615 1081 1692 doctrina,
1105 1615 1159 1678 sed
1183 1636 1222 1678 ne
1268 1615 1337 1680 sine
1360 1617 1446 1682 omni
1477 1619 1559 1702 qui·

430 1739 501 1804 dem
532 1739 690 1822 sapientie
718 1739 831 1804 florere
854 1761 996 1823 uuquam
1024 1744 1057 1804 et
1085 1743 1248 1822 praestare
1275 1739 1450 1823 potuisse.‘'
1483 1740 1558 1810 Ne·

431 1863 537 1950 gando
549 1863 633 1928 enim
652 1863 861 1928 necessariam
875 1885 942 1928 esse
957 1863 1122 1928 scientiam
1139 1884 1244 1928 rerum
1260 1863 1397 1948 Gorgias
1412 1865 1559 1948 turpiter

433 1987 664 2052 ›succubuit'':
700 1985 832 2052 Crassus
855 2009 983 2052 causam
1005 2009 1095 2052 suam
1121 2010 1159 2053 eo
1182 1987 1323 2064 obtinet,
1355 1988 1440 2071 quod
1465 1988 1555 2052 mul-

432 2115 538 2176 tarum
568 2117 665 2195 atque
699 2132 888 2198 magnarum
918 2132 1025 2176 rerum
1058 2110 1224 2176 scientiam
1252 2111 1405 2178 acerrime
1432 2112 1556 2178 oratori

432 2236 583 2301 vindicat.

475 2484 550 2550 Jam
574 2486 614 2549 ad
639 2483 774 2550 Phaedri
797 2484 1083 2550 considerationem
1107 2483 1183 2549 licet
1204 2485 1352 2550 transire.
1376 2483 1477 2569 Cujus
1490 2508 1553 2550 an·

433 2614 564 2694 tequam
600 2614 707 2696 partes
735 2607 879 2695 singulas
907 2608 1124 2695 attingamus,
1155 2612 1380 2695 argumentum
1411 2609 1553 2677 breuiter

432 2756 563 2800 narrare
586 2733 782 2800 conabimur.
806 2731 896 2798 Adeo
920 2733 1005 2798 enim
1027 2730 1128 2797 libere
1155 2736 1189 2798 et
1210 2747 1317 2818 paene·
1335 2732 1472 2799 licenter
1494 2756 1552 2800 ex·

432 2860 533 2925 currit
555 2859 670 2937 oratio,
694 2864 730 2924 ut
752 2857 880 2923 difficile
902 2857 945 2924 sit
961 2861 1064 2924 totam
1081 2856 1330 2941 disputationem
1342 2863 1449 2924 mente
1462 2881 1552 2924 com·

432 2984 546 3068 plecti;
569 3007 673 3069 neque
696 2985 734 3048 de
756 2982 952 3049 connexione
972 2982 1205 3050 sententiarum
1228 2981 1451 3076 scriptionisve
1474 3003 1552 3067 pro·

431 3107 536 3192 posito
559 3111 609 3172 est
633 3130 697 3172 una
715 3106 857 3172 omnium
870 3107 1040 3172 sententia.
1065 3146 1104 3155 -
1123 3105 1169 3172 Ut
1184 3104 1296 3192 igitur,
1316 3106 1393 3190 quid
1410 3106 1552 3174 voluerit

432 3232 547 3310 Plato,
580 3233 691 3297 statim
722 3236 908 3309 teneamus,
952 3232 1157 3296 observemus
1198 3230 1232 3295 in
1264 3230 1327 3294 fine
1367 3252 1551 3296 sermonum

430 3355 513 3420 inter
536 3355 717 3421 Phaedrum
740 3360 773 3420 et
795 3355 960 3422 Socratem
983 3356 1164 3432 convenire,
1185 3355 1257 3420 idco
1272 3377 1326 3419 eos
1345 3353 1551 3438 disceptasse,

432 3474 520 3554 ὅπως
541 3475 579 3546 τὸ
603 3486 729 3547 Λυσίου
753 3475 781 3546 τ’
800 3479 922 3555 ὄνειδος
938 3475 1149 3565 ἒξετιίσαιμεν
1165 3482 1221 3567 τῆς
1232 3483 1297 3546 τῶν
1309 3478 1410 3561 λόγων
1426 3485 1550 3567 γραφῆς

431 3611 519 3692 πέρι,
553 3607 608 3669 καὶ
634 3599 753 3678 αὐτοὺς
787 3600 863 3680 τούς
898 3606 1021 3688 λόγους,
1056 3604 1089 3670 οἳ
1110 3611 1207 3694 τέχνῃ
1237 3605 1292 3670 καὶ
1321 3603 1400 3670 ἄνευ
1435 3611 1550 3692 τέχνης

430 3728 638 3817 γράφοιντο.”
655 3728 679 3816 ¹)
703 3729 873 3804 Quaeritur
897 3752 985 3817 ergo,
1009 3729 1086 3815 quid
1109 3725 1300 3796 censendum
1324 3727 1419 3792 sitde
1439 3726 1549 3794 studio

429 3853 543 3938 Lysiae
566 3857 830 3936 ceterorumque,
854 3855 908 3938 qui
931 3857 1171 3941 conscripserunt
1195 3851 1374 3928 orationes,
1404 3854 1437 3916 et
1466 3873 1549 3936 quae

429 3979 472 4044 sit
492 4000 568 4042 vera
591 3976 714 4040 dicendi
737 3999 798 4041 ars.
822 3978 895 4042 Huc
914 4000 1024 4061 reapse
1044 3977 1245 4060 omniaquee
1257 3974 1420 4051 dicuntur,
1433 3997 1549 4057 quam·

429 4103 533 4170 visin
556 4102 680 4167 diversa
704 4101 791 4165 abire
815 4101 992 4177 videantur,
1015 4100 1179 4165 commode
1203 4102 1339 4182 possunt
1363 4097 1485 4164 referri.

474 4227 647 4292 Exorditur
659 4230 766 4291 autem
779 4224 965 4309 disputatio,
981 4229 1054 4309 post
1069 4223 1165 4314 breve
1181 4220 1390 4308 prooemium,
1402 4221 1547 4301 oratione

465 4492 626 4560 1)P11aedr.
645 4493 675 4548 P.
695 4497 746 4547 277
766 4493 795 4548 Β.
