3432 5498
167 872 272 953 dibus,
295 877 393 959 atque
414 873 527 940 iisdem
548 895 630 959 pene
652 872 768 951 verbis,
792 874 909 958 quibus
932 873 965 940 in
988 873 1076 940 hisee
1087 871 1180 937 libris
1193 891 1288 938 orna·

167 1002 223 1063 tur
246 997 438 1084 eloquentia,
462 1003 573 1083 postea
584 997 822 1084 philosophiam
837 1022 965 1085 quoque
982 998 1153 1065 extulerit:
1179 995 1227 1061 »Ο
1240 995 1288 1059 vi-

167 1127 222 1188 tae
244 1122 447 1208 philosophia
468 1123 543 1200 dux,
565 1123 681 1206 inquit,
706 1146 724 1188 o
748 1124 877 1190 virtutis
902 1122 1085 1208 indagatrix
1108 1119 1287 1204 expultrix-

167 1269 232 1332 que
244 1247 415 1312 vitiorum!
433 1247 516 1324 Quid
528 1270 591 1313 non
618 1247 711 1312 modo
736 1268 794 1311 nos
817 1246 873 1311 sed
897 1248 1028 1312 omnino
1041 1248 1108 1311 vita
1120 1245 1287 1310 hominum

166 1372 236 1437 sine
259 1378 291 1437 te
314 1395 382 1437 esse
404 1372 584 1456 potuisset?
607 1373 655 1436 Tu
679 1371 774 1438 nrbes
798 1373 961 1457 peperisti,
986 1376 1022 1436 tn
1041 1370 1211 1454 dissipatos
1227 1367 1287 1431 ho·

166 1496 270 1562 mines
291 1497 326 1562 in
349 1498 533 1563 societatem
558 1498 642 1563 vitae
664 1496 859 1572 convocasti,
884 1501 920 1561 tu
944 1516 997 1561 eos
1021 1496 1106 1560 inter
1125 1515 1159 1558 se
1182 1491 1286 1576 primo

166 1621 346 1697 domiciliis,
368 1621 481 1686 deinde
504 1621 677 1708 conjugiis,
699 1626 769 1685 tum
792 1620 972 1686 litterarum
1003 1625 1036 1685 et
1060 1639 1174 1683 vocum
1198 1636 1285 1680 com-

166 1744 317 1808 muuione
336 1745 492 1827 junxisti,
522 1750 558 1809 tu
583 1743 744 1809 inventrix
768 1743 896 1830 legum,
919 1748 954 1808 tu
979 1743 1134 1829 magistra
1158 1760 1283 1804 morum

165 1870 201 1931 et
220 1867 407 1952 disciplinae
431 1868 554 1933 fuistis*
577 1869 603 1956 ¹)

211 1989 298 2066 Quae
321 1991 448 2076 quidem
472 1992 643 2078 magnifica
674 1991 867 2077 praedicatio
890 1993 987 2057 etiam
1021 1990 1077 2056 illo
1111 1979 1199 2055 loco*
1216 2010 1285 2051 om·

165 2111 243 2176 nino
266 2113 399 2178 adeum
422 2115 560 2180 refertur
593 2114 835 2200 philosophum,
869 2117 924 2200 qui
955 2117 998 2181 sit
1027 2114 1123 2179 simul
1152 2113 1284 2177 »doctus

164 2235 314 2302 orator'’:
338 2259 412 2301 nam
434 2237 467 2302 in
488 2240 591 2322 prima
613 2240 829 2324 disputatione
858 2244 1040 2305 monuerat:
1062 2237 1176 2302 »Hanc
1199 2235 1284 2300 enim

164 2359 338 2443 perfectam
372 2359 609 2446 philosophiam
643 2386 768 2448 semper
787 2363 940 2449 judicavi,
964 2385 1046 2447 quae
1069 2362 1107 2427 de
1132 2358 1281 2426 maximis

163 2483 406 2568 quaestionibus
428 2485 555 2570 copiose
578 2491 685 2571 posset
708 2493 883 2574 ornateque
898 2487 1034 2554 dicere.'‘
1048 2486 1189 2573 ²)Neque
1201 2485 1281 2551 illud

162 2607 289 2673 mirum.
314 2608 468 2674 Romanis
479 2611 563 2674 enim
583 2633 696 2695 parum
708 2612 880 2696 placebant
891 2613 950 2690 illi,
962 2613 1017 2698 qui
1034 2612 1067 2677 in
1092 2608 1281 2694 disciplinis,
1344 2664 1347 2670 ,

162 2734 222 2795 aut
244 2732 368 2796 artibus
391 2734 629 2799 obscurioribus
650 2735 698 2800 ita
721 2737 820 2802 vitam
844 2738 1077 2812 consumerent,
1102 2739 1281 2819 utanego·

161 2855 218 2920 tiis
240 2856 449 2924 abhorrentes
470 2859 561 2924 nulla
584 2860 709 2926 ratione
732 2861 919 2946 prodessent
942 2863 988 2927 rei
1021 2861 1183 2944 publicae3
1219 2857 1281 2920 im·

161 2980 303 3063 perfecta
324 2984 423 3070 atque
445 2982 536 3066 parvi
558 2983 655 3066 pretii
679 2983 990 3050 videbantureorum
1003 2983 1145 3049 omnium
1163 2980 1279 3055 studia,

161 3103 303 3187 quinon
328 3107 368 3170 ad
391 3105 491 3171 vitam
514 3129 550 3172 ce
573 3108 764 3193 dirigebant.
800 3108 905 3184 Quare
928 3108 1069 3173 animose
1100 3104 1211 3171 Cicero
1244 3104 1278 3168 in

160 3226 255 3306 libro,
279 3229 334 3313 qni
357 3229 530 3314 inscriptus
555 3236 604 3296 est
628 3232 830 3298 Hortensius.
856 3231 1049 3296 »Facessant
1072 3231 1174 3317 igitur
1209 3251 1278 3293 om-

160 3373 228 3428 nes,
250 3353 306 3436 qui
329 3353 441 3419 docere
463 3355 546 3421 nihil
571 3360 717 3440 possunt,
732 3378 796 3441 quo
812 3356 926 3421 melius
937 3354 1176 3439 sapientiusque
1191 3352 1278 3417 vira-

160 3475 263 3540 mus’'
289 3475 314 3565 ⁸)
338 3477 446 3563 Atque
480 3480 512 3544 in
547 3480 629 3545 libro
656 3480 701 3545 De
725 3479 862 3547 Officiis:
890 3518 928 3529 -
953 3483 990 3544 ut
1019 3479 1128 3563 paucis
1150 3475 1278 3541 aliunde

158 3599 271 3681 petitis
294 3599 455 3666 Ciceronis
478 3608 617 3668 mentem
640 3603 836 3670 illustremus
861 3645 901 3654 -
927 3604 1067 3689 »Eloqui
1079 3603 1215 3687 copiose,
1227 3601 1277 3665 in·

157 3723 248 3806 quit,
271 3726 363 3790 modo
387 3727 560 3810 prudenter
584 3728 697 3793 melius
719 3732 768 3794 cst
790 3751 889 3812 quam
913 3728 962 3793 vel
995 3728 1177 3793 acutissime
1208 3726 1276 3789 sine

156 3845 342 3933 eloquentia
364 3852 517 3937 cogitare,
540 3854 626 3936 quod
650 3854 803 3939 cogitatio
826 3854 860 3917 in
885 3876 918 3917 se
941 3854 1010 3938 ipsa
1034 3853 1185 3928 vertitur,
1208 3850 1274 3916 elo·

156 3972 289 4054 quentia
327 3974 550 4059 complectitur
577 3999 645 4054 cos,
680 3977 870 4062 quibuscum
910 3977 1139 4041 communitate
1169 3976 1274 4060 juncti

154 4187 316 4196 ———

191 4309 220 4373 l)
239 4308 317 4363 Tunc.
337 4311 355 4363 1.
376 4309 408 4364 V,
428 4314 454 4364 5.

190 4400 217 4459 2)
236 4397 315 4453 Tusa.
334 4401 352 4452 l.
372 4399 391 4453 1.
413 4403 436 4454 7.

190 4488 216 4550 3)
236 4486 308 4542 llort.
327 4489 360 4544 fr.
380 4493 423 4545 41.
