3432 5498
959 603 1021 670 100

429 827 478 891 eat
509 819 588 909 quin
621 818 767 889 Ciceroni
797 819 831 887 in
866 823 974 887 mente
1001 816 1111 884 fuerit.
1146 813 1229 893 Quid
1257 813 1344 882 enim
1371 811 1433 882 hec
1455 811 1491 882 in
1523 838 1560 883 re

429 947 571 1032 apertius
592 947 632 1011 iis
655 949 736 1030 quae
759 944 887 1028 scripsit
910 943 944 1008 iu
967 941 1104 1026 epistola
1130 939 1268 1026 quedam
1294 940 1335 1004 ad
1357 939 1558 1006 Atticumi’”

475 1069 587 1146 >Quod
610 1069 644 1133 in
667 1069 718 1145 iis,
741 1068 857 1153 inquit,
880 1065 982 1144 libris,
1005 1086 1086 1151 quos
1109 1063 1220 1129 laudas
1243 1062 1288 1143 (Il
1305 1068 1338 1128 et
1350 1063 1401 1129 111
1414 1064 1455 1130 de
1471 1064 1560 1132 Ora·
1687 1079 1688 1112 r

429 1191 522 1272 tore),
539 1213 708 1278 personam
720 1190 879 1256 desideras
901 1189 1082 1268 Scaevolae,
1106 1203 1170 1252 non
1194 1209 1265 1251 eam
1277 1190 1397 1252 temere
1415 1188 1558 1264 dimovi;

430 1316 483 1381 sed
507 1314 567 1379 feci
590 1313 684 1391 idern,
707 1313 792 1396 quod
811 1313 844 1378 in
868 1315 1020 1398 πολιτείᾳ
1042 1311 1118 1376 deus
1136 1309 1194 1375 ille
1210 1314 1320 1375 noster
1335 1309 1442 1376 Plato.
1470 1309 1557 1377 Cum

430 1438 463 1502 in
487 1437 634 1502 Piraeum
659 1435 806 1502 Socrates
830 1436 968 1502 venisset
997 1435 1037 1500 ad
1068 1432 1266 1518 Cephalum,
1294 1432 1490 1518 locupletem
1522 1439 1558 1500 et
1687 1471 1688 1488 r

430 1560 581 1626 festivum
605 1581 723 1636 senem,
743 1559 847 1644 quoad
870 1560 992 1644 primus
1008 1558 1063 1623 ille
1086 1578 1189 1623 sermo
1207 1555 1390 1636 haberetur,
1413 1557 1506 1622 adest
1520 1558 1557 1622 in

429 1683 620 1766 disputando
643 1704 755 1756 senen
779 1682 891 1747 deinde
914 1704 987 1748 cum
1010 1682 1079 1767 ipse
1099 1702 1226 1766 quoque
1237 1680 1489 1746 commodissime
1506 1680 1558 1744 lo·
1687 1659 1688 1720 ἕ

431 1809 524 1871 cutus
536 1809 628 1882 esset,
640 1806 680 1871 ad
693 1828 760 1870 rem
773 1806 913 1870 divinam
925 1805 1002 1870 dicit
1014 1827 1047 1870 se
1059 1804 1143 1870 velle
1155 1803 1311 1869 discedere
1323 1825 1426 1888 neque
1441 1809 1557 1889 postea
1687 1841 1688 1900 j

433 1928 615 1995 revertitur.
640 1928 741 1992 Credo
765 1927 932 1994 Platonem
944 1929 999 1993 vix
1011 1931 1142 2013 putasse
1154 1927 1232 1992 satis
1249 1947 1422 1991 consonum
1433 1926 1515 2006 fore,
1527 1927 1557 1991 si
1687 1921 1688 2004 ἶ

434 2052 596 2116 hominem
619 2051 652 2115 id
674 2051 789 2116 aetatis
807 2051 841 2115 in
862 2054 930 2115 tam
949 2051 1048 2136 longo
1068 2072 1212 2116 sermone
1224 2049 1343 2115 diutius
1356 2049 1554 2115 retinuisset.
1687 2067 1688 2114 3

433 2173 539 2239 Multo
563 2195 622 2257 ego
645 2173 746 2239 satius
767 2173 829 2238 hoc
854 2174 932 2238 mihi
953 2173 1127 2238 cavendum
1141 2171 1297 2259 putaviin
1313 2171 1477 2252 Scaevola,
1497 2175 1555 2258 qui

434 2303 467 2364 et
484 2301 589 2364 aetate
612 2302 645 2362 et
668 2298 849 2364 valetudine
875 2303 945 2364 erat
966 2321 1015 2377 ea,
1039 2319 1102 2382 qua
1114 2320 1182 2364 esse
1193 2296 1377 2375 meministi,
1396 2299 1430 2362 et
1440 2297 1482 2362 iis
1494 2296 1554 2362 ho-
1687 2299 1688 2382 ᾗ

434 2421 576 2499 neribus,
600 2425 636 2484 ut
658 2421 712 2485 vix
734 2422 813 2486 satis
836 2422 985 2487 decorum
1008 2421 1171 2486 videretur
1189 2443 1262 2486 eum
1274 2420 1382 2506 plures
1399 2419 1466 2484 dies
1485 2442 1555 2486 esse
1687 2493 1688 2500 ἵ

434 2544 468 2608 in
491 2541 597 2608 Crassi
620 2543 814 2609 Tusculano.
838 2544 882 2608 Et
903 2548 973 2608 erat
997 2544 1092 2629 primi
1114 2543 1189 2608 libri
1211 2543 1316 2609 sermo
1339 2566 1404 2609 non
1427 2543 1554 2610 alienus

434 2688 454 2730 a
477 2664 647 2731 Scaevolae
670 2666 796 2730 studiis.
820 2666 949 2750 Reliqui
968 2666 1043 2730 libri
1062 2669 1271 2749 τεχνολογίαν
1287 2666 1419 2747 habent,
1430 2672 1467 2734 ut
1479 2669 1552 2734 sois.
1687 2703 1688 2762 }

434 2789 519 2854 Huic
527 2790 738 2873 joculatorem
748 2811 853 2854 senem
861 2789 964 2869 illum,
978 2793 1015 2854 ut
1026 2811 1131 2869 noras,
1143 2790 1297 2856 interesse
1304 2792 1512 2860 sanenolui.”
1528 2794 1553 2877 ¹)
1687 2803 1688 2832 ¹

478 2912 553 2978 Jam
585 2936 623 2978 ex
653 2914 740 2980 hisce
763 2917 870 2982 verbis
894 2918 1019 3002 opinari
1041 2919 1074 2982 in
1098 2922 1252 3003 promptu
1283 2919 1371 2985 haud
1393 2921 1553 3004 disparem
1687 2963 1688 2970 κ

434 3058 502 3102 esse
529 3039 695 3123 utriusque
718 3041 822 3124 operis
848 3042 1111 3126 compositionem
1134 3042 1496 3127 conformationemqu03
1520 3044 1554 3108 id

434 3160 519 3243 quod
564 3161 660 3226 etiam
701 3185 750 3228 res
792 3168 824 3228 et
865 3165 985 3229 veritas
1023 3165 1224 3230 confirmant.
1264 3165 1425 3231 Sermonis
1463 3167 1550 3232 euim

433 3302 549 3366 genere
572 3283 648 3348 libri
669 3285 708 3349 de
730 3285 885 3372 Oratore,
915 3287 1017 3352 multo
1041 3288 1145 3374 magis
1167 3287 1312 3354 Platonis
1337 3290 1551 3356 »Civitatem”

432 3406 601 3471 imitantur
636 3415 732 3492 quam
761 3416 817 3474 eut
853 3411 1008 3496 Gorgiam
1036 3414 1092 3476 aut
1125 3411 1315 3478 Phaedrum.
1344 3409 1418 3480 Non
1441 3415 1552 3500 dispu-

433 3531 504 3593 tant
538 3529 681 3613 proiecto
716 3537 859 3598 oratores
892 3534 942 3599 illi
975 3534 1112 3600 Romani
1140 3556 1198 3619 per
1233 3536 1344 3603 breves
1379 3541 1412 3603 et
1441 3542 1552 3604 acutas

433 3653 680 3734 altercationes,
720 3656 831 3740 quales
865 3660 957 3721 erant
995 3679 1156 3723 sermones
1191 3660 1247 3743 qui
1287 3682 1360 3726 cum
1399 3661 1553 3746 sophistis

432 3775 656 3856 habebantur,
684 3801 787 3864 neque
816 3784 883 3844 tam
911 3780 976 3844 alte
1003 3785 1178 3867 assurgunt
1207 3787 1263 3848 aut
1286 3785 1420 3851 incitate
1443 3785 1553 3850 ferun-

407 3903 507 3976 ·tnr,
535 3904 572 3966 ut
607 3900 644 3965 fit
679 3901 711 3967 in
736 3903 899 3970 Phaedro:
932 3903 1127 3988 »disputatio
1162 3929 1198 3972 ac
1232 3907 1379 3995 dialogus
1402 3908 1443 3974 de
1470 3908 1552 3976 Ora-

432 4022 523 4087 tore'’
569 4022 685 4088 leniter
729 4031 762 4091 et
796 4026 896 4093 libere
932 4028 1052 4108 currit,
1093 4029 1204 4113 quales
1237 4029 1378 4096 Socratis
1416 4030 1551 4118 Cephali

431 4253 592 4267 ——n

465 4412 833 4492 ummmmffi
