3406 5496
960 613 1003 681 40

424 826 549 895 nullam
583 849 650 895 esse
679 833 781 895 artem
807 827 949 905 dicendi,
980 827 1005 892 si
1030 849 1082 892 ars
1112 827 1159 892 ita
1189 827 1360 894 definiatur
1382 832 1420 894 ut
1442 828 1540 914 paulo

424 957 500 1018 ante
522 954 563 1018 ab
587 953 739 1017 Antonio.
769 951 846 1018 »sin
870 957 994 1031 autem,
1018 952 1137 1036 inquit,
1161 973 1303 1037 eaquae
1326 953 1540 1018 observantur

422 1077 457 1141 in
479 1099 538 1142 usu
561 1099 598 1142 ac
622 1077 813 1141 tractatione
835 1076 970 1154 dicendi,
993 1075 1072 1140 haec
1091 1076 1132 1139 ab
1154 1075 1338 1141 hominibus
1357 1077 1481 1142 callidis
1503 1099 1541 1142 ac

423 1201 535 1285 peritis
562 1199 781 1265 animadversa
804 1222 840 1264 uc
863 1204 985 1278 notata,
1009 1200 1115 1264 verbis
1139 1200 1282 1278 definita,
1304 1201 1477 1287 generibus
1499 1200 1538 1265 il-

424 1325 582 1401 lustrata,
606 1325 750 1409 partibus
776 1323 948 1388 distributa
978 1324 1062 1400 sunt,
1099 1323 1144 1407 (id
1169 1323 1254 1406 quod
1277 1323 1367 1389 video
1400 1323 1538 1407 potuisse

423 1447 506 1532 fieri)
529 1468 593 1511 non
616 1446 774 1532 intelligo,
800 1447 1007 1531 quamobrem
1035 1469 1121 1524 non,
1151 1447 1179 1510 si
1207 1447 1313 1511 minus
1343 1446 1401 1512 illa
1430 1447 1538 1512 subtili

424 1570 625 1648 definitione,
653 1576 687 1634 at
717 1569 778 1635 hac
802 1569 928 1657 vulgari
957 1571 1107 1656 opinione
1130 1593 1182 1636 ars
1205 1592 1273 1635 esse
1297 1571 1474 1636 videatur.”

468 1695 551 1758 Tum
574 1692 735 1759 Antonius
757 1694 964 1760 vehementer
982 1695 1131 1760 assentiri
1150 1717 1184 1760 se
1208 1694 1323 1760 Crasso
1346 1694 1433 1759 dicit.
1459 1693 1539 1759 »Sed

425 1819 583 1915 existim0‚
605 1819 724 1901 inquit,
746 1823 875 1904 gratum
899 1823 931 1884 te
954 1819 1016 1896 his,
1030 1819 1153 1897 Crasse,
1174 1818 1345 1896 facturum,
1366 1818 1393 1882 si
1408 1819 1472 1882 ista
1487 1841 1539 1882 ex·

424 1941 589 2026 posueriS,
614 1964 695 2026 quae
718 1945 813 2024 putas
836 1943 876 2006 ad
899 1942 1065 2008 dicendum
1090 1941 1282 2027 plusquam
1310 1942 1412 2024 ipsam
1441 1945 1539 2006 artem

423 2087 516 2151 posse
528 2065 706 2150 prodesse.''
720 2065 853 2130 »Dicam
866 2065 1045 2148 equidem”‚
1055 2065 1160 2149 inquit
1168 2064 1310 2130 Crassus
1325 2065 1457 2130 Initium
1469 2066 1538 2130 dein

424 2190 501 2254 lacit
523 2212 542 2252 a
565 2189 655 2253 donis
679 2192 824 2267 naturae,
848 2211 930 2273 quae
950 2191 1019 2253 arte
1042 2188 1172 2254 accendi
1189 2193 1247 2253 aut
1262 2189 1453 2254 commoveri
1467 2210 1538 2273 pos·

424 2313 498 2390 sint,
521 2311 618 2376 inseri
643 2333 707 2376 non
738 2311 878 2396 possint:
902 2311 1057 2376 celeribus
1080 2312 1200 2396 ingenii
1224 2311 1374 2390 motibus,
1388 2313 1537 2378 memoria

424 2437 528 2512 firma,
546 2434 676 2519 linguae
699 2434 871 2512 solutione,
894 2436 981 2501 vocis
1005 2457 1094 2512 sono,
1111 2434 1279 2512 lateribus,
1290 2435 1539 2501 conformatione

424 2559 561 2644 quadam
597 2561 630 2622 et
663 2558 767 2644 figura
801 2560 901 2624 totius
935 2560 1000 2625 oris
1031 2563 1064 2624 et
1086 2559 1238 2643 corporis.
1273 2559 1358 2625 Nam
1388 2559 1448 2625 etsi
1476 2539 1539 2640 uba

424 2684 458 2747 in
489 2705 559 2747 eam
590 2681 784 2746 sententiam
814 2682 978 2766 disputat,
1008 2685 1046 2746 ut
1073 2682 1218 2748 homines
1247 2683 1486 2764 adulescentes,
1513 2685 1540 2748 si

425 2808 503 2892 quid
530 2805 678 2872 naturale
700 2805 783 2871 torte
806 2829 870 2871 non
897 2806 1049 2885 habeant,
1076 2807 1207 2871 omnino
1231 2807 1467 2887 deterreantur,
1490 2813 1538 2874 ta·

424 2954 496 2998 men
520 2931 617 3016 >quia
640 2930 678 2995 de
703 2934 830 2996 oratore
853 2931 1033 3014 quaerimus
1046 2929 1078 3008 ,''
1113 2930 1240 3014 inquit,
1273 2931 1463 3017 »fingendus
1492 2937 1540 2996 est

423 3055 515 3120 nobis
539 3053 683 3120 oratione
705 3058 816 3118 nostra
839 3054 991 3119 detractis
1025 3053 1173 3118 omnibus
1199 3053 1287 3118 vitiis
1311 3060 1418 3120 orator
1443 3059 1539 3140 atque

424 3179 510 3244 omni
543 3176 638 3242 laude
668 3177 880 3242 cumulatus'’.
914 3175 966 3242 Ad
999 3177 1124 3243 felicem
1158 3200 1231 3243 vero
1266 3182 1413 3242 naturam
1447 3183 1538 3242 ›stu-
1571 3171 1574 3182 ¹

422 3305 508 3389 dium
537 3307 569 3367 et
592 3299 737 3365 ardorem
765 3301 933 3385 quemdam
964 3301 1102 3366 amoris''
1132 3302 1279 3366 accedere
1309 3301 1436 3380 debere,
1469 3303 1538 3380 sed,

422 3428 572 3514 quoniam
616 3423 743 3488 »studia
777 3423 860 3488 nihil
898 3424 1024 3507 prosint
1061 3424 1266 3508 perveniendi
1300 3423 1430 3507 aliquo,
1475 3425 1537 3489 nisi

420 3551 512 3628 illud,
533 3548 619 3632 quod
642 3569 679 3612 co
702 3569 765 3630 quo
787 3547 934 3612 intendas
958 3547 1041 3611 ferat
1064 3547 1273 3632 deducatque,
1298 3547 1466 3634 cognoris”
1494 3587 1534 3596 —

422 3673 518 3742 tertio
541 3672 611 3737 loco
626 3671 666 3735 ad
689 3671 768 3734 artis
793 3675 962 3756 praecepta
984 3671 1121 3735 reditur:
1149 3671 1322 3737 rhetorices
1341 3694 1466 3737 summa
1483 3696 1537 3738 ca-

420 3800 489 3883 pita
511 3795 628 3880 raptim
650 3798 891 3877 percurruntur.
927 3795 975 3859 De
1004 3796 1094 3879 cujus
1125 3795 1229 3878 pretio
1251 3798 1284 3859 et
1307 3795 1450 3861 utilitate
1473 3797 1536 3863 hoc

417 3921 572 4007 judicium
595 3917 765 4002 profertur.
790 3917 846 3981 »Si
865 3918 947 3982 nihil
971 3918 1073 3982 dicam
1089 3917 1250 4001 adjuvare,
1263 3921 1409 3986 mentiar.
1427 3921 1536 3987 Habet

422 4045 506 4109 enim
529 4040 684 4127 quaedam
706 4042 796 4125 quasi
820 4042 859 4105 ad
883 4042 1146 4107 commonendum
1171 4046 1343 4121 auctorem,
1364 4065 1428 4128 quo
1445 4044 1538 4128 quid-

422 4190 483 4253 que
513 4166 631 4230 referat
654 4168 686 4230 et
709 4187 773 4248 quo
794 4166 932 4241 intuens,
956 4165 996 4229 ab
1019 4187 1066 4243 eo,
1090 4165 1310 4250 quodcumque
1333 4167 1395 4231 sibi
1418 4190 1537 4252 propo·

420 4291 522 4356 suerit
545 4289 649 4353 minus
672 4289 807 4354 aberret.
832 4289 951 4354 Verum
977 4310 1038 4374 ego
1062 4293 1171 4354 autem
1195 4288 1280 4354 hanc
1297 4288 1363 4352 vim
1386 4290 1536 4376 intelligo

422 4434 488 4478 esse
510 4412 544 4476 in
567 4412 746 4497 praeceptis
769 4411 938 4489 omnibus,
961 4430 1025 4476 non
1050 4416 1086 4476 ut
1109 4435 1146 4476 ea
1169 4412 1270 4477 secuti
1293 4416 1436 4479 oratores
1468 4411 1535 4480 elo-
