3432 5498
941 969 1043 1042 mx„

472 1126 558 1194 Vera
580 1127 730 1194 humanit
716 1131 776 1208 t‚as
800 1153 896 1224 quam
920 1131 1066 1232 educatio
1089 1130 1232 1198 liberalis
1257 1135 1476 1214 consectatur
1508 1157 1546 1201 eo

427 1251 547 1328 tendit,
573 1256 609 1316 ut
631 1252 778 1318 excolant
764 1258 818 1319 tur
849 1277 905 1322 eae
935 1257 1122 1337 facultates,
1158 1259 1274 1342 quibus
1306 1260 1443 1350 maxime
1471 1261 1546 1326 feris

427 1359 645 1457 piacetemus·
672 1378 755 1444 ratic
778 1383 811 1442 et
833 1355 963 1445 oratio.

953 1592 1023 1662 XX.

472 1765 561 1832 Inter
584 1769 687 1834 uarias
709 1769 916 1855 disciplinas,
945 1767 1061 1856 quibus
1090 1772 1130 1836 ad
1165 1793 1271 1837 veram
1306 1771 1488 1838 humanitat
1474 1776 1540 1839 tem

419 1889 575 1974 juventus
596 1893 690 1982 fingit
692 1916 740 1974 ur,
763 1895 802 1960 lit
789 1897 882 1990 tteris
897 1901 930 1984 et
952 1896 1082 1980 Graecis
1105 1901 1138 2004 et
1159 1895 1230 1961 Lat'
1207 1896 1283 1961 tmis
1306 1897 1403 2000 etiam
1429 1901 1548 1998 nostra

426 2009 532 2138 aetate
556 2017 686 2135 primus
699 2019 889 2130 deferendus
908 2021 960 2118 est
943 2021 1079 2092 locus
1120 2093 1158 2126 e
1300 2085 1303 2104 ¹.
1331 2097 1355 2120 ᾧ
1407 2101 1410 2108 Δ

470 2391 567 2457 Ratio
584 2414 641 2458 cur
658 2392 784 2459 litterae
803 2395 953 2459 classicae
970 2397 1046 2479 pra'e
1063 2359 1232 2461 ceteris-ad
1247 2360 1403 2478 juvenum
1422 2395 1546 2460 animos

426 2515 643 2582 intermandos
673 2518 820 2597 valeant,
854 2541 919 2584 non
949 2519 982 2583 in
1014 2518 1083 2584 sola
1112 2518 1321 2603 antiquorum
1353 2518 1546 2602 scriptorum

425 2641 623 2725 praestantia
644 2642 699 2708 sed
722 2643 820 2707 etiam
847 2644 881 2707 in
911 2615 1165 2727 proprietatibus
1192 2646 1225 2707 et
1254 2641 1380 2707 naturis
1410 2641 1541 2707 illarum

427 2764 610 2851 linguarum
634 2766 760 2832 videtur
782 2766 975 2852 reponenda.
1047 2815 1050 2818 -

934 2980 1038 3048 XXII.

471 3141 532 3216 Qui
555 3141 595 3204 ad
618 3139 851 3209 humanitatem
873 3141 1007 3224 juvenes
1029 3141 1225 3217 instituunt,
1260 3162 1332 3206 eum
1363 3140 1396 3207 in
1427 3140 1546 3204 litteris

426 3270 660 3350 persequantur
682 3266 793 3341 finem,
818 3269 854 3329 ut
877 3286 945 3362 nou¹
959 3269 1035 3354 ptam
1049 3265 1242 3348 „multarum
1272 3287 1378 3331 rerum
1412 3265 1545 3331 scientia

426 3411 523 3473 quam
545 3388 792 3473 pulchritudinis
815 3410 908 3453 sensu
932 3393 1030 3473 atque
1053 3389 1133 3454 bene
1160 3387 1324 3474 judicandi
1355 3388 1543 3472 dicendique

427 3513 550 3578 artibus
572 3535 682 3578 eorum
706 3513 829 3578 animos
853 3519 1022 3579 exornent.

907 3725 1061 3792 XXXIII.

472 3906 576 3981 Quare
599 3904 717 3971 litteris
732 3904 879 3970 'classicis
902 3905 948 3970 ita
971 3904 1132 3970 imbuendi
1155 3907 1231 3968 sunt
1255 3901 1482 3981 adolescentes,
1506 3906 1544 3967 ut

428 4051 530 4114 neque
554 4028 707 4092 historiae
732 4028 831 4093 veteri
862 4049 965 4110 neque
996 4026 1243 4111 antiquitatibus
1270 4048 1373 4111 neque
1402 4027 1547 4112 proprie·
1669 4041 1673 4048 ·

428 4153 551 4216 tatibus
574 4152 757 4234 linguarum
781 4152 1005 4236 pernoscendis
1029 4155 1156 4216 tantum
1171 4151 1334 4216 tribuatur
1347 4151 1545 4236 diligentiae,

428 4281 585 4361 qnantum
607 4276 803 4359 optimorum
837 4275 1027 4358 scriptorum
1054 4274 1204 4360 operibus
1233 4275 1295 4340 rite
1317 4273 1544 4360 intellegendis

429 4404 578 4486 recteque
601 4398 817 4465 aestimandis.
