3406 5496
677 630 727 698 41,

138 843 290 932 quentiae
323 845 450 911 laudem
483 844 549 910 sint
582 844 712 930 adepti,
747 845 824 923 sed,
857 867 939 929 quae
974 868 1032 910 sua
1055 848 1170 930 sponte
1194 845 1256 912 ho·

139 971 240 1036 mines
263 970 449 1054 eloquentes
471 971 613 1036 facerent
635 990 673 1034 ea
696 970 849 1053 quosdam
873 966 1057 1036 observasse
1079 970 1256 1054 atquecol·

139 1093 289 1179 legisse.”

186 1217 265 1282 Post
296 1218 386 1282 varia
420 1218 684 1284 exercitationum
719 1239 854 1304 genera,
889 1222 1048 1303 postremo
1083 1221 1256 1286 multarum

141 1362 249 1405 rerum
261 1341 426 1406 scientiam
450 1341 567 1406 iterum
590 1342 804 1407 commendat:
828 1341 992 1428 »Legendi
1004 1348 1126 1427 potitae,
1139 1344 1257 1429 inquit,

143 1463 379 1549 cognoscendae
403 1465 574 1542 historiae,
596 1465 739 1530 omnium
773 1465 930 1531 bonarum
963 1467 1083 1531 artium
1117 1467 1261 1532 doctores

143 1592 240 1672 atque
269 1589 439 1673 scriptores
471 1590 599 1677 legendi
633 1595 666 1656 et
685 1591 924 1675 ,pervolutandi
958 1595 991 1656 st
1025 1590 1261 1656 exercitationis

145 1735 241 1778 causa
262 1712 422 1792 laudandi,
447 1713 695 1797 interpretandi,
719 1714 917 1801 corrigendi,
941 1714 1143 1800 vituperandi
1167 1713 1262 1778 refel-

144 1836 248 1911 lendi;
272 1835 498 1920 disputandum
522 1837 561 1900 de
583 1836 670 1902 omni
683 1859 728 1914 re,
739 1837 980 1920 perdiscendum
998 1837 1169 1923 juscivile‚
1185 1859 1262 1923 cog·

145 1959 322 2024 noscendae
345 1958 449 2045 leges3
473 1959 675 2044 percipienda
698 1960 801 2025 omnis
812 1960 998 2045 antiquitas,
1010 1961 1169 2026 senatoria
1185 1982 1260 2025 con-

147 2082 293 2160 suetudo,
315 2082 484 2167 disciplina
505 2083 551 2148 rei
575 2083 732 2167 publicae,
747 2084 823 2167 jura
844 2083 1012 2162 sociorum,
1025 2086 1165 2162 foedera,
1188 2107 1263 2169 pac-

146 2207 268 2282 tiones3
290 2228 386 2272 causa
407 2205 533 2291 imperii
558 2207 777 2294 cognoscenda
800 2211 859 2285 est,
880 2247 919 2255 —-
944 2207 1092 2273 libandus
1105 2208 1262 2275 estetiam

18 2379 20 2384 -
147 2334 180 2396 et
202 2354 240 2396 ex
262 2332 350 2397 omni
373 2353 490 2418 genere
512 2331 705 2397 urbanitatis
722 2331 972 2416 facetiarumque
988 2333 1116 2416 quidam
1140 2331 1261 2416 lepos.”

191 2455 278 2531 Quae
301 2477 373 2520 cum
396 2456 527 2521 Crassus
549 2455 692 2534 dixisset,
716 2454 879 2521 silentium
892 2459 1167 2522 estconseoutum.
1180 2454 1261 2520 Cum

145 2603 221 2646 vero
247 2580 419 2659 sentirent,
443 2581 498 2666 qui
519 2581 670 2658 aderant,
696 2580 829 2645 celerius
852 2601 919 2646 esse
941 2579 1045 2646 multo
1076 2602 1172 2664 quam
1200 2579 1263 2663 ipsi
1289 2640 1291 2644 .

144 2704 265 2771 vellent
287 2704 383 2769 abeo
406 2707 698 2788 peroratum‚mox,
723 2705 793 2789 ipso
812 2702 1262 2787 Scaevolapetents‚Grassus

144 2848 184 2891 ex
206 2826 246 2891 iis
268 2849 350 2912 quae
361 2826 544 2892 brevissime
558 2830 767 2912 percurrerat,
786 2848 823 2891 ea
835 2827 1014 2892 accuratius
1025 2828 1168 2912 exponit,
1181 2849 1262 2911 quae

144 2950 266 3015 oratori
288 2950 508 3036 cognoscenda
531 2971 599 3014 esse
622 2949 756 3014 dixerat.
772 2988 810 2998 —
828 2950 941 3015 Multis
953 2951 1097 3016 adductis
1110 2950 1263 3036 exemplis

143 3076 179 3137 et
200 3070 379 3136 rationibus
402 3070 618 3150 demonstrat,
641 3072 726 3156 juris
761 3073 881 3158 publici
915 3075 1096 3160 privatique
1130 3075 1263 3139 scientia

141 3220 240 3283 quam
264 3195 353 3261 utilis
376 3199 409 3262 et
439 3197 618 3262 necessaria
648 3198 691 3262 sit
725 3198 863 3276 oratori,
898 3220 1057 3283 quemque
1093 3198 1197 3263 facilis
1230 3202 1263 3262 et

135 3320 280 3406 jucunda
303 3319 344 3384 ad
366 3319 560 3385 discendum.
585 3319 665 3386 Cum
678 3324 788 3386 tamen
800 3321 837 3386 de
850 3321 930 3386 artis
942 3343 1070 3406 quoque
1082 3321 1263 3407 praeceptis

138 3443 235 3528 plura
257 3442 367 3507 audire
390 3443 537 3527 cupiant,
561 3443 639 3509 haec
663 3445 828 3528 provincia
851 3445 995 3510 Antonio
1019 3445 1238 3511 demandatur.

186 3565 248 3642 Qui
270 3568 443 3648 antequam
466 3566 506 3630 ad
528 3565 618 3630 illam
633 3572 756 3652 partem
778 3570 977 3655 aggreditur,
998 3570 1110 3634 multis
1132 3570 1261 3653 quidem

132 3688 246 3754 uerbis
268 3711 307 3753 ea
328 3710 411 3772 quae
432 3688 517 3752 dicta
539 3696 615 3753 sunt
639 3689 826 3778 impugnat;
852 3692 956 3778 magis
967 3695 1075 3757 tamen
1089 3697 1202 3757 contra
1214 3693 1271 3757 di-'

139 3811 233 3877 cendi
255 3809 409 3888 lubidine,
421 3832 517 3895 quam
529 3811 673 3876 veritatis
685 3813 803 3892 studio,
820 3853 856 3862 -
879 3815 963 3899 quod
975 3817 1167 3901 postsaipse
1179 3817 1271 3881 fate-v

139 3934 239 3998 bitur.
252 3933 391 3999 Retenta
413 3933 514 4019 igitur
525 3933 727 4001 distinctione
741 3936 942 4021 eloquentem
955 3937 1040 4003 inter
1052 3941 1085 4002 et
1097 3939 1263 4016 disertum,

140 4058 243 4143 negat
266 4056 307 4120 ad
331 4059 510 4135 oratorem,
533 4057 661 4140 qualem
690 4058 748 4124 illa
770 4064 916 4144 tempora
952 4061 1084 4146 exigant
1118 4062 1195 4146 »qui
1230 4065 1263 4126 et

140 4182 249 4248 verbis
272 4181 312 4246 ad
335 4181 529 4246 audiendum
552 4183 703 4266 jucundis
726 4185 759 4247 et
791 4183 958 4248 sententiis
988 4184 1029 4248 ad
1063 4184 1261 4268 probandum

140 4304 389 4372 accommodatis
413 4304 460 4369 uti
484 4305 585 4389 possit
616 4304 649 4369 in
674 4306 777 4371 causis
799 4307 978 4402 forensibus
1001 4312 1097 4391 etque
1121 4329 1263 4372 commu-

139 4428 270 4508 nibus‚”
284 4431 408 4494 tantam
433 4427 610 4494 doctrinam
634 4430 805 4514 pertinere,
829 4435 981 4516 quantam
995 4429 1127 4496 Crassus
1150 4434 1263 4514 postu·
