3432 5498
709 603 750 677 87

159 806 206 870 ut
231 803 361 872 omuirio
384 801 561 895 disputaret
583 802 704 872 nullam
728 807 832 870 artem
855 826 923 872 esse
945 776 1185 870 dicendiJ’Nee
1198 799 1289 870 dissi·

161 929 264 994 miles
298 932 375 993 sunt
406 929 606 1007 sententiae,
634 950 714 1013 quas
754 927 914 994 Antonius
948 951 1074 1016 quoque
1108 951 1176 994 sese
1211 929 1288 994 olim

163 1053 311 1118 Athenis
334 1056 433 1137 atque
456 1075 495 1122 ex
518 1052 618 1140 ipsius
641 1051 840 1121 Charmadas
864 1053 1009 1118 doctrina
1042 1057 1221 1138 reportasse
1249 1054 1290 1117 si-

165 1177 321 1264 gnificat:
353 1181 454 1242 artem
478 1199 545 1242 esse
567 1174 703 1254 nullam,
728 1177 811 1243 ›nisi
834 1199 916 1262 quae
943 1177 1082 1263 cognitis
1100 1177 1292 1262 penitusque

165 1301 347 1388 perspectis
369 1305 402 1366 et
425 1301 458 1373 in
483 1325 581 1370 unum
605 1302 727 1368 exilum
752 1302 970 1390 spectantibus
993 1307 1026 1367 et
1050 1324 1213 1386 nunquam
1230 1302 1292 1366 fal·

165 1425 315 1490 lentibus
338 1426 433 1490 rebus
455 1425 706 1492 contineretur.''

219 1549 332 1636 Neque
365 1549 495 1636 longius
529 1550 569 1620 ab
599 1550 660 1619 hac
687 1551 848 1615 sententia
889 1551 1020 1616 recessit
1043 1550 1197 1628 Crassus,
1220 1573 1292 1617 cum

168 1674 380 1751 concederet,
406 1696 481 1740 vero
505 1674 642 1758 quodam
667 1695 761 1740 sensu
784 1677 886 1738 artem
910 1675 1035 1740 dicendi
1061 1697 1129 1740 esse
1148 1674 1293 1750 nullam,

170 1799 230 1864 sed
266 1796 432 1864 Platonem
460 1798 576 1868 deserit
594 1796 846 1884 Aristotelisque
871 1799 1062 1864 sententiam
1086 1797 1293 1884 amplectitur

170 1923 210 1986 in
228 1944 275 2000 eo,
299 1922 384 2010 quod
407 1922 521 1990 latiore
545 1923 682 2008 quadam
705 1922 794 1988 verbi
817 1922 1053 2010 significatione
1076 1924 1154 1988 artis
1178 1945 1293 1988 nomen

170 2046 316 2132 largitur
346 2046 442 2112 ctiam
473 2047 513 2113 iis
536 2048 714 2133 praeceptis
747 2068 851 2132 »quae
879 2045 1089 2112 observantur
1116 2047 1150 2110 in
1175 2069 1233 2110 usu
1257 2070 1294 2112 ac

176 2171 372 2259 tractatione
406 2171 546 2249 dicendi,
581 2172 751 2239 dummodo
785 2172 865 2238 haec
896 2171 936 2235 ab
960 2169 1143 2236 hominibus
1171 2171 1294 2236 callidis

174 2295 309 2374 tuerint,
332 2295 551 2361 animadversa
573 2295 737 2374 adnotata,
761 2295 866 2361 verbis
894 2292 1057 2362 illustrata
1085 2295 1295 2380 partibusque

175 2419 382 2488 distributa.”

224 2545 355 2624 Restat,
386 2548 422 2608 ut
448 2545 684 2611 consideremus
708 2566 772 2623 eas,
795 2548 976 2630 quaesunt
1005 2545 1091 2629 apud
1121 2549 1295 2630 utrumque

177 2669 366 2753 scriptorem
391 2667 653 2754 reprehensiones
676 2668 907 2753 philosophiae.
944 2668 1098 2733 Affirmat
1121 2669 1205 2734 enim
1230 2692 1296 2736 ser-

181 2793 284 2858 monis
299 2791 392 2856 initio
412 2790 562 2858 Callicles
578 2793 777 2878 »φιλοσοφία
790 2794 852 2882 yu‘p
875 2800 930 2858 τοί
950 2790 1047 2872 ἐστιν,
1073 2779 1097 2856 ὦ
1120 2793 1295 2880 §expuere

179 2923 311 3004 χαρίεν,
336 2914 377 2981 ἄν
404 2938 452 2989 τις
475 2910 577 2981 αὐτοῦ
599 2923 738 3003 μετρίως
760 2913 889 3008 duntur
915 2914 950 2982 dv
973 2922 1014 3004 τῇ
1037 2908 1154 3004 ἡλικίᾳ·
1180 2912 1239 2984 ἐὰν
1263 2920 1298 2984 δὲ

181 3047 365 3128 περαιτέρω
379 3045 439 3104 τοῦ
451 3043 578 3114 deuncos
593 3035 798 3132 ἔνδιατρίψῃ,
812 3034 1051 3127 διαφθοράτῶν
1063 3035 1250 3128 ἀνθρώπων
1261 3045 1297 3130 ¹).

181 3166 269 3243 Quae
292 3165 388 3230 verba
407 3164 475 3248 jam
499 3164 670 3230 Pideritius
693 3164 862 3248 adscripsit
884 3165 924 3229 ad
947 3187 995 3241 ea,
1019 3187 1100 3248 quaa
1125 3165 1297 3245 Antonius,

180 3296 323 3379 rogatus,
358 3312 415 3354 cur
437 3289 659 3374 philosophiae
695 3289 798 3354 »sieut
832 3289 951 3354 Zethus
986 3289 1040 3355 ille
1074 3290 1295 3356 Pacuvianus”

180 3438 279 3504 prope
303 3415 424 3480 bellum
448 3414 632 3492 indixisset,
656 3414 887 3498 respondet-
911 3415 1077 3492 »Minime
1100 3415 1147 3480 it'a
1166 3415 1237 3494 ille,
1261 3439 1298 3481 ac

179 3541 227 3606 sic
247 3539 372 3605 decrevi
394 3537 616 3624 philosophari
638 3540 767 3623 potius,
797 3543 834 3604 ut
861 3537 1092 3622 Neoptolemus
1121 3540 1207 3624 apud
1229 3541 1297 3606 En·

179 3664 287 3730 nium:
312 3663 433 3748 paucis,
456 3684 531 3728 nam
555 3663 685 3728 omnino
708 3663 793 3728 haud
806 3663 921 3748 placet.
946 3661 1006 3727 Sed
1029 3666 1137 3728 tamen
1154 3663 1234 3730 haec
1249 3671 1298 3731 est

179 3811 252 3856 mea
286 3787 467 3867 sententia,
497 3810 593 3873 quam
625 3786 754 3852 videbar
785 3786 986 3872 exposuisse:
1022 3809 1081 3874 ego
1103 3789 1168 3853 ista
1191 3791 1297 3856 studia

180 3935 245 3979 nou
268 3912 436 3996 improbo,
464 3911 628 3977 moderata
651 3910 744 3975 modo
768 3911 865 3975 sint.”
891 3949 931 3961 -·
960 3909 1006 3976 At
1035 3935 1099 3977 non
1128 3913 1207 3979 haec
1228 3916 1296 3984 sola

181 4037 294 4116 verba,
326 4036 380 4100 sed
410 4039 513 4100 totam
536 4036 620 4100 hanc
643 4005 783 4101 Calliclis
806 4035 1055 4122 disputationem
1079 4037 1221 4104 conferre
1241 4039 1296 4124 ju·

179 4275 340 4288 ω

215 4449 728 4525 numo-auum
