3406 5496
961 617 1012 685 44·

426 853 498 898 eum
510 832 617 916 potius
628 831 668 898 iis
680 834 799 912 farere,
811 855 892 917 quse
904 837 1017 899 contra
1029 832 1121 898 erunt
1132 833 1218 899 dicte
1229 835 1270 899 ab
1282 834 1436 904 Antonio.
1450 835 1550 904 ceie-

425 979 508 1034 rum,
530 978 627 1040 qoem
649 979 748 1042 prope
761 957 857 1042 hujus
869 957 1007 1042 quidem,
1020 979 1101 1042 quae
1113 959 1306 1037 referuntur,
1319 960 1485 1044 opiniones
1503 963 1550 1026 ab

424 1079 490 1144 illis
513 1079 628 1144 Licinii
650 1084 708 1145 sut
730 1081 837 1165 potius
848 1080 1005 1146 Tullianis
1027 1082 1183 1148 sententis
1202 1083 1322 1162 absint,
1339 1084 1441 1149 altera
1464 1083 1550 1150 haec

424 1203 601 1288 disputatio
626 1204 779 1271 ostendit:
803 1204 885 1270 liber
905 1204 937 1268 Il
956 1205 1041 1270 cuim
1064 1204 1131 1270 iere
1154 1208 1242 1270 totus
1266 1204 1403 1272 Antonii
1426 1229 1551 1272 sermo·

425 1327 520 1392 nibus
544 1327 738 1394 continetur.

470 1450 532 1526 Qui
554 1455 727 1534 antequam
751 1453 817 1517 siro
840 1454 876 1518 de
893 1455 1071 1530 inventione,
1087 1453 1154 1517 sive
1173 1456 1210 1517 de
1233 1455 1425 1519 collocatione
1442 1476 1553 1518 rerum

426 1577 459 1640 et
481 1574 625 1640 locurum
644 1575 748 1641 dicere
770 1576 887 1661 coepit,
915 1615 954 1625 -
979 1576 1038 1640 has
1062 1576 1145 1640 eninr
1170 1580 1279 1660 partes
1310 1577 1458 1662 deinceps
1493 1599 1552 1642 ex-

426 1699 557 1783 plicabit
581 1739 623 1747 -
649 1699 788 1765 >docebo
808 1721 875 1778 vos,
899 1699 1015 1783 inquit,
1038 1698 1197 1785 discipuli,
1220 1701 1305 1784 quod
1329 1702 1397 1786 ipse
1411 1725 1475 1767 non
1498 1702 1550 1765 di·

427 1821 499 1900 dici,
522 1822 660 1907 quidde
683 1824 772 1888 omni
806 1845 923 1910 genere
958 1823 1081 1888 dicendi
1116 1823 1285 1889 sentium.”
1310 1825 1420 1910 Atque
1444 1825 1551 1909 primo

427 1945 554 2031 quidem
577 1948 662 2029 quod
686 1947 826 2030 pertinet
849 1948 888 2012 ud
913 1948 1142 2032 quaestionem,
1167 1961 1272 2014 ulrum
1295 1952 1335 2014 sit
1346 1973 1399 2013 ore
1411 1949 1551 2014 dicendi:

427 2073 537 2156 negat,
558 2070 584 2134 si
607 2092 660 2134 ars
683 2071 808 2136 dicetur
831 2095 898 2138 esse
921 2094 1031 2136 earum
1051 2093 1158 2136 rerum
1181 2094 1263 2155 quoe
1284 2073 1444 2146 sciuntur;
1477 2091 1553 2134 ora-

428 2193 507 2259 toris
530 2195 616 2258 enirn
639 2217 764 2260 omnem
787 2196 945 2261 sotionem
968 2194 1173 2278 opinionibus
1196 2217 1260 2260 non
1289 2195 1423 2260 scientia
1445 2192 1552 2258 conti·

428 2316 507 2381 neri.
531 2317 615 2382 Nam
639 2322 783 2383 oratores
807 2319 983 2383 contraries
996 2341 1089 2403 saepe
1101 2341 1212 2383 causas
1224 2318 1343 2384 dicere:
1362 2318 1461 2383 immo
1474 2339 1554 2381 vero

428 2439 572 2524 singulos
594 2440 703 2506 eadem
727 2440 765 2506 de
789 2463 822 2506 rc
844 2440 923 2506 alias
947 2441 1033 2507 aliud
1045 2442 1214 2508 defendere
1232 2442 1343 2521 solere,
1356 2464 1429 2507 cum
1441 2446 1552 2506 tamen

428 2563 502 2647 plus
525 2586 589 2628 uuo
613 2586 723 2629 verum
746 2585 814 2628 esse
837 2586 902 2629 uon
924 2567 1035 2650 possit.
1068 2547 1172 2642 Quurn
1210 2570 1318 2632 tamen
1352 2587 1417 2630 nou
1452 2567 1553 2650 neget

429 2689 601 2772 praecepta
623 2710 715 2772 posse
749 2689 905 2772 quaedam
940 2690 1008 2754 dari
1042 2694 1196 2774 peracuta
1230 2690 1270 2755 ad
1304 2687 1552 2773 pertractandos

430 2810 553 2878 animos
565 2811 741 2890 hominum,
753 2813 837 2878 etad
861 2813 1061 2898 excipiendas
1081 2835 1191 2879 eorum
1205 2812 1402 2878 voluntates:
1422 2811 1553 2894 »Hujus

429 2935 476 3000 rei
498 2936 675 3013 scientiam,
700 2937 817 3020 inquit,
829 2937 856 3002 si
880 2937 951 3020 quis
974 2919 1069 3003 volet
1084 2959 1235 3024 magnam
1259 2936 1430 3021 quamdam
1447 2938 1553 2998 artem

428 3081 495 3124 esse
508 3059 622 3136 dicere,
634 3081 699 3124 uon
712 3060 930 3146 repugnabo.”
951 3061 1066 3127 Noteri
1083 3061 1165 3125 euim
1179 3082 1282 3144 posse,
1295 3059 1371 3144 quid
1383 3059 1436 3137 sit,
1449 3079 1553 3140 quare

428 3181 485 3246 ulii
508 3181 622 3247 melius
645 3204 741 3266 quom
765 3184 821 3248 alii
843 3184 961 3262 dicant,
984 3184 1118 3268 ideoque
1143 3184 1255 3268 id‘qui
1278 3188 1348 3249 toto
1371 3183 1406 3248 iu
1428 3203 1551 3268 genere

428 3305 548 3384 fecerit,
572 3328 645 3371 eum
668 3307 695 3371 si
718 3330 781 3372 non
806 3307 901 3392 plane
917 3311 1028 3384 ortem,
1043 3311 1077 3372 at
1089 3288 1179 3391 quasi
1193 3311 1297 3372 artem
1310 3307 1482 3391 quamdam
1494 3306 1547 3369 in-

427 3427 560 3496 venisse.
601 3469 639 3478 -
675 3431 780 3496 'lanto
803 3453 899 3515 opere
922 3431 994 3496 dein
1026 3430 1186 3495 Antonius
1220 3429 1345 3496 dicendi
1379 3429 1548 3495 facultatis

424 3553 671 3640 jucunditatem,
695 3553 880 3633 utilitatem,
904 3553 1081 3639 potentiam
1105 3553 1246 3630 extollit,
1266 3553 1398 3636 ejusque
1412 3574 1550 3638 regnum

427 3683 494 3744 tem
520 3677 585 3743 lete
608 3679 762 3755 extendit,
775 3684 811 3743 ut
833 3679 894 3744 dici
918 3678 1136 3763 nequeatipse
1159 3677 1293 3743 Crassus
1317 3677 1481 3762 superiore
1499 3675 1551 3739 die

427 3803 597 3886 quicquam
621 3802 878 3888 magnificentius
904 3803 941 3867 de
965 3825 1002 3867 en
1020 3803 1227 3886 praedicasse.
1246 3801 1471 3884 Quaecumque
1482 3797 1551 3863 sive

427 3926 461 4015 in
485 3930 608 4002 senatu,
633 3925 699 3990 sive
723 3925 808 4009 apud
842 3924 1008 4009 populum,
1043 3926 1109 3990 sive
1143 3926 1177 3989 in
1208 3924 1358 4009 judiciis:
1383 3946 1464 4009 quac
1493 3928 1551 3987 eut

428 4049 605 4127 suadendo,
631 4051 688 4112 eut
710 4047 935 4131 vituperando,
959 4055 1016 4115 eut
1040 4051 1210 4127 laudando,
1234 4053 1292 4113 aut
1315 4046 1464 4124 sedendo
1493 4050 1552 4110 aut

429 4171 622 4237 consolando
634 4176 816 4258 egerentur,
829 4211 873 4220 —
886 4175 993 4239 omnia
1004 4196 1070 4239 esse
1086 4172 1220 4258 propris
1244 4172 1398 4245 oratoris3
1421 4190 1461 4233 ne
1484 4168 1553 4232 his·

430 4294 547 4361 terium
570 4294 699 4378 quidem
723 4294 787 4360 alie
811 4295 871 4360 nisi
897 4299 1033 4362 oratoris
1046 4319 1121 4363 voce
1139 4295 1380 4360 immortalitati
1392 4313 1554 4358 commen-

430 4419 509 4486 deri.
534 4418 620 4494 Quae
645 4441 777 4484 munera
799 4419 860 4486 hcc
883 4420 949 4486 fere
972 4425 1066 4506 pecto
1090 4459 1134 4468 —
1159 4423 1207 4484 est
1239 4419 1323 4484 cuim
1347 4417 1416 4502 ejus
1444 4415 1553 4498 dispu-

431 4542 514 4608 tatio
533 4542 643 4626 peullo
666 4542 828 4609 obscurior
852 4585 895 4594 -
918 4545 974 4610 uni
997 4544 1121 4611 dicendi
1143 4543 1207 4610 orti
1230 4542 1391 4608 vindicare
1412 4538 1553 4604 videtur:
