3406 5496
448 864 521 912 oum
541 843 663 912 lumine
686 843 837 926 rationis,
861 849 930 912 tum
953 845 1069 914 divinis
1092 845 1194 914 edocti
1218 845 1365 928 oraculis,
1387 847 1468 915 illud
1491 847 1571 916 bea-

448 971 595 1037 titudinis
622 972 813 1037 desiderium
835 995 854 1038 a
877 971 1155 1057 providentissimo
1175 996 1281 1039 rerum
1307 974 1470 1040 conditore
1494 995 1572 1044 cum

448 1097 518 1182 ipsa
543 1100 659 1162 natura
688 1097 870 1162 hominibus
894 1097 1026 1165 insitum
1049 1098 1144 1163 inane
1176 1120 1245 1163 esse
1275 1120 1340 1164 non
1365 1120 1482 1183 posse,
1512 1097 1571 1162 sed

449 1219 637 1305 aliquando,
657 1221 684 1286 si
704 1221 819 1287 divinis
838 1221 965 1308 legibus
984 1221 1156 1307 diligenter
1180 1221 1505 1305 obtemperaverimus
1525 1221 1572 1286 ab

448 1344 518 1428 ipso
541 1344 607 1410 Deo
631 1367 698 1410 esse
717 1345 919 1430 explendum.
944 1346 1019 1410 Ideo
1042 1367 1103 1410 nou
1125 1345 1222 1410 aliam
1245 1345 1380 1431 gloriam
1400 1344 1491 1409 nobis
1512 1367 1571 1410 ex·

448 1469 619 1553 petendam
642 1470 806 1548 ducamus,
828 1493 925 1555 quam
948 1469 1076 1536 laudem
1096 1474 1129 1535 ct
1149 1491 1307 1547 amorem,
1324 1467 1417 1534 lllius
1438 1467 1494 1551 qui
1511 1489 1573 1534 uec

449 1591 520 1659 falli
545 1616 603 1659 uec
626 1594 736 1660 fallere
765 1598 880 1679 potest.
948 1625 952 1632 ¹

494 1717 601 1803 Igitur
631 1719 828 1784 miserandus
863 1723 912 1784 est
936 1718 1069 1797 Cicem,
1092 1720 1177 1804 quod
1203 1718 1283 1783 vixit
1312 1741 1350 1784 ea
1378 1724 1504 1800 aetate,
1529 1720 1572 1790 de
1677 1773 1678 1780 ,

449 1863 514 1925 qua
536 1842 698 1908 verissime
726 1843 810 1928 ipse:
835 1843 925 1909 »Nos
949 1843 1142 1928 simulatque
1162 1843 1239 1908 editi
1263 1844 1297 1909 in
1316 1843 1419 1910 lucem
1444 1849 1477 1910 et
1498 1867 1573 1910 sus·

449 1966 533 2048 cepti
556 1987 666 2032 suavos
696 1968 729 2031 in
754 1968 840 2033 omni
867 1968 1019 2033 continuo
1041 1967 1201 2051 pravitate
1224 1972 1257 2033 et
1283 1967 1316 2032 in
1348 1990 1474 2034 summa
1497 1969 1571 2053 opi-

449 2090 580 2155 nionum
605 2092 815 2175 perversitate
839 2114 1018 2170 versamur,
1042 2097 1078 2157 ut
1105 2114 1206 2176 paene
1229 2114 1302 2156 cum
1324 2093 1409 2158 lacte
1432 2095 1572 2160 nutricis

450 2235 588 2279 errorem
604 2216 727 2280 suxisse
748 2215 921 2280 videamur.
946 2216 1025 2280 Cum
1046 2237 1122 2280 vero
1145 2215 1331 2299 parentibus
1351 2217 1478 2292 redditi,
1493 2217 1570 2282 dein

449 2337 612 2424 magistris
632 2339 743 2405 traditi
766 2362 886 2417 sumus,
909 2343 978 2404 tum
1002 2340 1048 2404 ita
1069 2339 1167 2405 variis
1192 2340 1366 2404 imbuimur
1394 2341 1569 2418 erroribus,

450 2466 487 2527 ut
502 2463 636 2528 vanitati
649 2464 766 2528 veritas
777 2467 809 2527 et
822 2463 963 2548 opinioni
976 2463 1186 2528 confirmatae
1199 2465 1316 2528 natura
1326 2464 1395 2547 ipsa
1407 2463 1531 2529 cedat.'’
1542 2463 1569 2548 ¹)

450 2586 558 2652 Minus
578 2593 686 2653 tamen
701 2588 929 2673 vituperandus
940 2593 999 2665 est,
1015 2610 1110 2673 quam
1128 2587 1184 2672 qui
1200 2589 1257 2652 aut
1277 2587 1429 2670 pecuniae
1445 2587 1569 2671 cupidi-

451 2714 517 2776 tate
541 2716 598 2777 aut
621 2711 825 2797 voluptatum
844 2712 976 2778 libidine
999 2717 1057 2778 aut
1076 2711 1239 2797 potentiae
1256 2711 1410 2777 desiderio
1422 2710 1570 2776 ferebaa-
1680 2755 1681 2760 κ

451 2840 514 2900 tur.
539 2835 600 2900 Sed
619 2841 738 2920 quotus
758 2837 891 2922 quisque
904 2837 1135 2915 Romanorum,
1146 2858 1225 2920 quos
1237 2857 1322 2900 nunc
1334 2836 1500 2921 magnifice
1513 2857 1571 2899 ex-

451 2960 564 3025 tollere
587 2961 709 3038 sulent,
741 2984 806 3026 non
830 2961 938 3046 aliqua
969 2983 1007 3026 ex
1031 2961 1095 3025 illis
1126 2960 1354 3045 cupiditatibus
1380 2959 1568 3035 ferebatur,

441 3108 585 3170 quarum
609 3085 698 3150 nulla
722 3090 807 3150 certe
829 3086 862 3150 in
879 3085 1063 3150 Ciceronem
1079 3084 1221 3148 cadebat.
1238 3082 1316 3158 Quis
1339 3088 1447 3147 autem
1470 3086 1570 3166 neget

449 3210 533 3274 inter
546 3208 729 3286 variabona
740 3209 779 3273 ad
792 3231 873 3293 quae
885 3209 1077 3292 acquirenda
1088 3207 1135 3271 illi
1149 3206 1293 3272 homines
1307 3206 1392 3272 omni
1406 3227 1465 3288 ope
1482 3204 1569 3268 nite-

449 3334 580 3410 bantur,
596 3332 719 3397 laudcm
744 3337 777 3397 et
799 3331 934 3418 gloriam
959 3354 1026 3397 esse
1046 3354 1141 3396 uuam
1161 3330 1305 3395 omnium
1324 3328 1568 3394 nobilissimam.

450 3458 661 3542 Quamquam,
677 3458 714 3521 de
728 3457 879 3521 Cicerone
891 3456 973 3522 idem
985 3458 1082 3521 etiam
1091 3455 1152 3520 dici
1161 3455 1247 3532 licet,
1260 3454 1345 3538 quod
1357 3453 1394 3518 de
1406 3451 1568 3536 captanti-

450 3583 508 3646 bus
533 3604 642 3645 auram
668 3579 853 3664 popularem
878 3580 945 3663 ipse
969 3580 1145 3645 scribebat:
1170 3579 1292 3662 optima
1315 3582 1479 3662 polentae,
1504 3596 1569 3639 non

449 3711 516 3770 tam
541 3705 704 3769 voluntate
730 3725 826 3786 quam
848 3725 959 3768 cursus
983 3725 1089 3770 errore
1113 3702 1192 3768 falli.
1206 3703 1230 3786 Ἰ)

494 3830 651 3914 Equidem
674 3833 759 3893 stare
783 3826 857 3892 nolo
881 3828 921 3892 ab
946 3828 986 3892 iis
1005 3828 1069 3911 qui,
1083 3827 1234 3892 Cicerone
1253 3830 1372 3912 spreto,
1397 3824 1568 3890 Caesarem

449 3955 680 4038 Octaviumque
703 3952 820 4016 civium
844 3951 998 4036 sanguine
1011 3951 1145 4015 infectos
1160 3949 1314 4015 extollere
1326 3949 1439 4014 solent.
1465 3947 1568 4013 Carus

449 4079 527 4146 mihi
551 4082 600 4144 est
623 4075 754 4153 Cicero,
780 4097 844 4139 non
868 4078 995 4139 tantum
1025 4075 1066 4139 ob
1096 4074 1262 4159 praeclara
1280 4073 1464 4138 litterarum
1488 4071 1570 4136 arti-

455 4278 615 4286 ——-———

484 4401 510 4460 l)
530 4396 609 4451 Tuae.
627 4398 645 4451 1.
663 4413 685 4450 c.

484 4484 511 4556 a)
529 4486 637 4542 ibidem.
