3432 5498
989 641 1031 710 86

453 857 620 942 quaestio,
645 858 727 924 sitne
749 857 859 946 aliqua
880 879 933 922 ars
957 857 1091 936 dicendi,
1114 860 1198 945 quod
1221 865 1378 947 pernegat
1404 859 1575 928 Socrates:

456 977 602 1068 Οὐδεμία
614 981 724 1068 ἔμοιγε
740 987 836 1062 δοκεῖ,
849 969 875 1047 oi
887 987 992 1062 Πῶλε,
1011 979 1053 1058 ὥς
1064 1007 1099 1067 γε
1113 977 1196 1072 πρὸς
1210 985 1246 1050 σὲ
1263 979 1393 1072 τάληθῆ
1405 985 1574 1072 εἰρῆσθαι.

450 1108 538 1184 Quae
561 1107 732 1186 sententia,
747 1106 893 1192 deinceps
910 1109 981 1175 fuse
1003 1113 1152 1187 tractata,
1169 1109 1378 1174 confirmatur
1397 1108 1457 1174 hac
1473 1131 1575 1192 prae-

449 1231 560 1296 sertim
594 1231 719 1297 ratione
755 1227 826 1297 »ὅτι
856 1226 915 1298 οὐκ
948 1232 1016 1314 ἔχει
1039 1233 1135 1317 λόγον
1169 1226 1285 1298 oide‘ua
1309 1229 1352 1297 ὧν
1387 1232 1575 1320 προςφέρει

449 1349 537 1421 ὁποῖ’
558 1356 639 1422 cirea
652 1350 711 1444 ric
723 1355 822 1442 φύσιν
848 1351 948 1436 ε’σιίν,
968 1354 1046 1433 ὥςτε
1062 1352 1122 1446 τὴν
1140 1357 1249 1424 arcuo
1268 1357 1404 1424 ἕκαστον
1416 1351 1463 1444 μὴ
1478 1355 1574 1438 ἔχειν

447 1473 587 1546 εἶπεῐν.”
602 1479 628 1566 ¹)
646 1519 680 1529 -
696 1479 773 1544 Illas
796 1481 882 1545 eninr
898 1482 982 1547 solas
996 1482 1155 1549 humanas
1162 1481 1344 1558 facultates,
1361 1503 1444 1566 quae
1455 1481 1494 1545 ad
1507 1482 1572 1546 bo·

445 1625 522 1668 rrum
537 1608 569 1668 et
581 1603 752 1669 honestum
767 1604 960 1691 dirigantur,
973 1629 1101 1672 causam
1118 1610 1151 1673 et
1163 1612 1311 1672 naturam
1325 1629 1435 1672 earum
1446 1629 1569 1685 rerum,

444 1727 478 1792 in
501 1728 618 1811 quibus
635 1733 831 1812 occupentur
854 1729 992 1806 intueri3
1015 1729 1140 1796 dicendi
1163 1734 1270 1795 autem
1294 1730 1483 1795 facultatem
1506 1751 1569 1795 ne·

443 1874 604 1936 quaquam
627 1852 883 1938 aequibonique
907 1854 1046 1918 studium
1071 1876 1148 1932 esse,
1164 1854 1219 1920 sed
1241 1854 1413 1940 »peritiam
1437 1854 1568 1941 gratiae

441 1980 475 2041 et
495 1976 686 2062 voluptatis3
703 1976 728 2064 ²)
752 1978 900 2062 peritiam
924 1985 1030 2045 autem
1046 1980 1171 2067 gratiae
1191 1983 1224 2044 et
1243 1977 1420 2063 voluptatis
1440 1972 1570 2060 ἀλόγως

441 2103 571 2168 omniuo
579 2103 747 2187 procedere
757 2109 871 2192 »τριβῇ
880 2106 935 2170 καὶ
943 2103 1110 2192 ἐμπειρίᾳ,
1122 2102 1254 2191 μνήμην
1261 2103 1364 2187 μόνον
1376 2104 1563 2191 σῳζομένην

439 2231 499 2292 τοῦ
522 2227 678 2302 εἰωθότος
700 2226 902 2311 γίγνεσθαι”.
926 2227 1047 2293 Contra
1066 2251 1135 2294 eam
1158 2230 1260 2296 solam
1284 2229 1472 2296 facultatem
1489 2251 1562 2296 esse

440 2354 562 2430 artem,
584 2372 684 2436 quae:
706 2352 825 2418 codron
849 2335 888 2416 οὗ
911 2351 1097 2436 θεραπεύει
1119 2355 1174 2419 καὶ
1195 2349 1255 2444 τὴν
1278 2355 1377 2441 φύσιν
1399 2353 1561 2434 ἔσκεπται

437 2478 493 2541 καὶ
517 2471 577 2564 τὴν
604 2476 713 2543 αἰτίαν
736 2462 780 2542 ὧν
803 2476 952 2562 πράττει,
982 2478 1037 2540 καὶ
1060 2476 1156 2560 λόγον
1179 2477 1248 2562 ἔχει
1269 2478 1393 2546 τούτων
1418 2475 1559 2548 ἕκαστον
1585 2540 1591 2550 ,

439 2603 562 2665 δοῦναι.
577 2600 605 2688 ³)
629 2600 803 2667 Contendit
821 2599 922 2688 igitur
948 2599 1095 2666 Socrates
1109 2624 1180 2667 eam
1202 2625 1270 2668 esse
1287 2603 1443 2668 rationem
1466 2601 1560 2678 artis,

438 2727 474 2788 ut
502 2724 615 2790 intime
644 2731 762 2791 natura
785 2747 892 2790 rerum
916 2746 1094 2810 causaeque
1121 2733 1370 2814 cognoscantur:
1406 2746 1505 2810 quare
1528 2724 1560 2788 si

437 2847 480 2912 sir
504 2848 676 2934 aliquando
706 2849 815 2934 aliqua
838 2849 963 2914 dicendi
990 2849 1142 2929 facultas,
1170 2874 1252 2936 quae
1282 2851 1455 2935 prudenter
1479 2848 1560 2914 boni

439 2975 471 3035 et
494 2971 621 3038 honesti
644 2973 687 3038 sit
704 2973 847 3039 studiosa
871 3011 911 3020 -
939 2971 1153 3062 προμήθειαν
1175 2970 1236 3042 τιν’
1259 2973 1379 3057 ἔχουσα
1401 2979 1460 3039 τοῦ
1481 2973 1558 3057 βελ-

437 3102 548 3162 τίστου
572 3101 650 3185 περὶ
672 3094 730 3186 τὴν
756 3098 874 3188 ψυχήν,
889 3136 929 3147 -
943 3121 1087 3184 quaeque
1102 3100 1135 3164 id
1154 3103 1231 3185 agat
1254 3095 1343 3173 ὅπως
1366 3099 1398 3164 οἱ
1421 3099 1558 3164 πολῖται

439 3213 479 3295 ὦς
497 3223 658 3306 βέλτιστοι
676 3222 805 3288 ἔσονται
828 3217 969 3291 διάτονα
992 3217 1099 3290 αὐτῶν
1123 3225 1248 3306 torona:
1273 3222 1349 3288 huic
1361 3222 1490 3306 quidem
1503 3242 1558 3284 ar·

439 3346 482 3412 tis
499 3369 614 3411 nomen
630 3347 724 3412 facile
736 3369 768 3412 se
780 3347 904 3434 largiri.
919 3345 946 3433 ³)
964 3348 1112 3432 Apparet
1135 3370 1231 3433 quam
1244 3351 1382 3434 cognata
1395 3346 1461 3412 sint
1476 3344 1558 3408 haec

438 3492 511 3534 cum
534 3471 684 3555 opinione
715 3472 857 3549 Quintii,
886 3472 941 3556 qui
972 3477 1067 3556 putat
1097 3471 1313 3556 eloquentiam
1337 3471 1390 3536 »io
1415 3468 1556 3552 quodam

437 3595 560 3680 ingenii
582 3599 678 3678 atque
701 3596 939 3661 exercitationis
966 3619 1083 3683 genere
1107 3595 1286 3681 ponendam
1309 3594 1409 3660 esse''.
1444 3593 1555 3676 Atque

436 3719 641 3784 manifestum
666 3720 762 3784 etiam
786 3724 845 3798 est,
868 3720 951 3785 unde
972 3721 1116 3786 derivata
1139 3721 1182 3785 sit
1205 3718 1376 3796 sententia,
1391 3739 1473 3801 quae
1493 3716 1556 3780 tri-

438 3842 547 3906 buitur
571 3841 767 3908 Charmadae
788 3843 837 3908 illi
860 3884 903 3892 -
926 3847 1044 3930 quippe
1068 3845 1239 3930 diligenter
1266 3866 1339 3910 cum
1366 3841 1481 3908 Crasso
1504 3840 1551 3906 le·

433 3967 483 4054 git
507 3967 671 4054 Gorgiam.
697 3967 817 4051 »Saepe
830 3969 926 4033 etiem
943 3969 977 4034 in
996 3992 1066 4034 eam
1079 3973 1204 4054 partem
1215 3969 1378 4034 ferebatur
1390 3967 1549 4044 oratione,

470 4217 497 4282 i)
516 4216 547 4271 P·
566 4219 618 4272 462
637 4214 666 4271 B.
686 4245 720 4254 -
739 4216 769 4270 P.
787 4221 839 4271 465
858 4219 891 4272 A.

470 4309 498 4371 2)
517 4305 561 4359 Sic
569 4307 641 4360 enim
650 4305 814 4369 Quintiliano
824 4309 841 4361 t.
852 4308 883 4361 ΙΙ.
895 4309 938 4361 15.
947 4307 962 4375 5
970 4311 1013 4360 24.
1023 4307 1118 4363 Latine
1127 4308 1238 4363 reddere
1248 4309 1357 4378 placuit,
1367 4308 1438 4378 quod
1448 4305 1553 4362 Graece

434 4399 492 4448 erat
509 4396 637 4464 scriptum
656 4397 718 4459 (462
736 4395 777 4460 G.)
796 4393 922 4470 ἐμπειρία
939 4392 1049 4471 χάριτος
1067 4398 1114 4451 καὶ
1133 4392 1233 4468 rideris
1250 4390 1426 4471 ἀπεργασίας.

469 4483 498 4549 3)
516 4482 546 4536 Ρ.
565 4485 614 4537 501
635 4482 668 4552 Α,
685 4483 715 4538 Β.
734 4483 826 4541 -De
844 4485 889 4540 Or.
907 4482 926 4540 l.
946 4487 971 4554 5,
990 4489 1033 4555 90,
1052 4489 1095 4542 92.
