3406 5496
680 623 720 688 15

139 859 209 902 rum
226 838 383 922 quaedam
399 837 438 903 de
455 842 524 903 arte
541 837 702 904 rhetorica
722 839 947 924 conscripsisse
964 837 1117 908 creditur.
1136 841 1162 929 ¹)
1187 841 1259 907 Dif-

138 961 223 1026 ficile
257 966 305 1026 est
339 961 425 1026 enim
459 961 591 1030 brachia
625 966 738 1028 eontra
772 965 949 1030 torrentem
982 963 1129 1050 dirigere.
1168 966 1256 1032 Idem

140 1084 195 1151 ille
219 1083 300 1150 Cato
318 1085 352 1150 in
375 1085 502 1166 Bruto,
537 1089 670 1171 excepto
694 1109 759 1152 uno
782 1084 932 1152 Cornelio
966 1085 1133 1173 Cethego,
1167 1089 1257 1173 cujus

140 1208 342 1294 eloquentiae
366 1213 415 1276 est
438 1204 551 1277 auctor
571 1210 704 1276 idoneus
727 1210 764 1287 Q.
788 1210 933 1288 Ennius,
964 1212 1168 1295 praedicatur
1190 1215 1258 1301 pri-

141 1357 213 1400 mus
236 1357 345 1400 eorum
359 1358 438 1420 quos
452 1340 616 1402 »oratores
626 1335 757 1401 habitos
769 1357 848 1414 csse,
859 1335 976 1419 inquit,
994 1358 1060 1401 non
1072 1337 1257 1422 conjectura

140 1461 365 1526 tantummodo
376 1461 520 1527 ducimur
535 1462 575 1527 ad
587 1461 824 1546 suspicandum,
837 1461 892 1527 sed
904 1483 984 1545 quoa
996 1461 1169 1527 memoriae
1182 1485 1258 1547 pro-

139 1584 241 1650 ditum
264 1590 313 1652 est
337 1583 522 1671 eloquentes
545 1591 579 1652 et
600 1587 697 1652 samse
721 1590 755 1651 et
778 1609 846 1652 esse
865 1584 1024 1653 habitos.'’
1051 1585 1077 1673 ²)
1101 1585 1190 1652 Inter
1202 1588 1257 1672 ju-

139 1730 233 1774 venes
255 1709 381 1794 quidem
399 1711 465 1800 jam
484 1710 593 1795 paullo
617 1715 692 1776 ante
708 1710 832 1776 dicendi
844 1709 985 1775 studium
1002 1710 1120 1776 exarsit
1150 1710 1256 1778 »Nam

139 1837 348 1918 posteaquam
370 1835 505 1920 imperio
524 1835 668 1899 omnium
690 1835 838 1920 gentium
861 1834 1036 1900 constituto
1060 1835 1256 1902 diuturnitas

139 1959 227 2042 pacis
251 1959 352 2024 otium
375 1959 586 2038 confirmavit,
611 1981 704 2024 nemo
719 1960 785 2024 fere
798 1958 901 2024 laudis
920 1959 1053 2043 cupidus
1072 1960 1255 2026 adolescens

140 2103 204 2146 non
237 2081 298 2146 sibi
328 2082 368 2146 ad
396 2082 563 2147 dicendum
588 2083 695 2147 studio
725 2083 812 2148 omni
836 2083 1017 2148 enitendum
1043 2085 1202 2168 putavit.”
1228 2085 1255 2174 ³)

141 2205 255 2289 Neque
277 2209 386 2271 tamen
409 2199 488 2271 satis
510 2206 647 2272 feliciter
671 2211 804 2272 conatus
827 2207 877 2272 illi
899 2229 1027 2273 cessere.
1052 2208 1194 2290 Etenim,
1218 2215 1257 2275 ut

140 2327 250 2393 eodem
280 2328 351 2394 loco
378 2328 528 2416 legimus,
551 2330 677 2413 »primo
707 2329 835 2414 quidem
858 2330 958 2397 totius
981 2331 1115 2398 rationis
1137 2333 1254 2420 ignari,

139 2453 195 2536 qui
221 2474 325 2537 neque
345 2453 584 2519 exercitationis
598 2453 698 2519 ullam
710 2454 775 2518 vim
788 2476 890 2538 neque
900 2455 1031 2541 aliquod
1047 2462 1255 2544 praeceptum

140 2576 220 2640 artis
242 2598 310 2640 esse
332 2577 579 2656 arbitrarentur,
603 2565 917 2663 tantum,quantum
939 2580 1070 2666 ingenio
1087 2584 1254 2669 etcogita·

140 2699 229 2765 tione
251 2703 410 2784 poterant,
433 2701 720 2785 consequebantur.
744 2701 825 2767 Post
846 2705 953 2768 autem
975 2706 1095 2770 auditis
1118 2693 1262 2773 oratori-⁸

140 2824 201 2889 bus
224 2823 367 2905 Graecis,
402 2827 603 2912 cognitisque
626 2849 737 2892 eorum
759 2827 862 2893 literis
896 2828 1110 2914 adhibitisque
1143 2832 1254 2898 docto·

139 2947 245 3027 ribus,
267 2949 446 3015 incredibili
477 2950 615 3035 quodam
652 2951 754 3016 nostri
793 2949 939 3018 homines
973 2955 1113 3021 discendi
1147 2959 1254 3025 studio

138 3072 389 3160 flagraverunt.”
419 3075 458 3140 ln
491 3074 609 3162 legatis
642 3075 764 3141 scilicet
798 3076 993 3145 Graecorum
1027 3088 1254 3167 perspexerant

137 3196 274 3267 Romani
305 3199 356 3264 illi
384 3200 645 3287 πρακτικώτατοι
676 3205 833 3284 quantum
862 3203 904 3268 ad
927 3208 1178 3291 rempublicam
1201 3230 1253 3275 ca·

135 3324 322 3407 pessendam
341 3325 576 3409 tenendamque
593 3327 696 3391 oratio
712 3329 840 3412 copiosa
855 3333 889 3393 et
904 3330 1024 3398 diserta
1039 3334 1171 3400 valeret.
1191 3333 1253 3410 Qui

137 3449 340 3534 philosophia
375 3449 471 3516 simul
505 3455 538 3516 et
570 3451 775 3536 eloquentia,
803 3455 949 3538 quamvis
979 3456 1098 3540 dispari
1137 3473 1254 3544 genere

136 3572 356 3650 excellebant3
392 3578 463 3639 erat
496 3575 582 3639 enim
613 3573 792 3641 Carneades
825 3576 1056 3660 Academicus,
1093 3583 1252 3669 Diogenes

135 3694 272 3777 Stoicus,
288 3696 451 3763 Critolaus
473 3699 720 3784 Peripateticus:
745 3699 961 3769 laudabantur
982 3709 1091 3771 autem
1114 3705 1253 3772 Carnea-

134 3821 183 3886 dis
208 3822 371 3888 »violenta
395 3827 428 3888 et
451 3824 604 3909 rapida'',
631 3823 765 3891 Critolai
799 3827 903 3892 »scita
932 3833 965 3894 et
996 3831 1111 3896 teretia
1133 3831 1252 3911 dieta'’,

132 4039 293 4049 ---.-—

171 4199 195 4268 1)
213 4200 323 4264 Quintil.
342 4199 386 4254 lll.
405 4203 430 4254 t.
449 4202 484 4254 19
509 4197 690 4259 Romanorum
711 4203 814 4272 primus
832 4204 951 4260 condidit
970 4205 1061 4276 aliqua
1078 4206 1108 4261 in
1124 4206 1176 4261 hae
1194 4221 1249 4262 ma·

130 4291 199 4344 teria
217 4289 253 4344 M.
272 4288 401 4344 Caluilla
420 4289 570 4346 Censorius.

167 4382 195 4445 Ξ)
213 4379 287 4434 Brut.
305 4380 330 4434 d.
349 4380 381 4434 ol.
402 4383 467 4433 orat.
487 4382 529 4437 56.

165 4469 192 4546 3)
211 4471 245 4526 de
263 4467 308 4525 Or.
326 4469 344 4523 l.
362 4465 374 4522 1
393 4468 435 4524 14.
