3406 5496
1004 647 1045 712 14

463 861 650 928 fitebantur.
674 860 788 946 Neque
811 865 920 928 tamen
943 861 1096 948 temporis
1120 861 1332 927 diuturnitate
1354 881 1465 926 eorum
1486 859 1584 924 insti-

463 990 569 1051 tutum
587 985 752 1075 senueratt
774 1008 848 1052 nam
864 1007 982 1070 paucos
998 985 1168 1052 admodum
1179 1007 1280 1052 annes
1293 984 1417 1050 dicendi
1433 983 1583 1070 magistri

352 1119 353 1122 ’
464 1111 585 1176 Romae
608 1111 797 1175 floruerunt.
829 1109 967 1175 Athenis
989 1109 1157 1176 literarum
1179 1109 1285 1197 gloria
1309 1108 1377 1192 jam
1400 1106 1582 1186 decidebat,
1673 1133 1674 1138 ¹

464 1258 537 1301 cum
561 1236 660 1302 etiam
684 1240 761 1301 tunc
784 1235 923 1300 Romani
945 1235 1106 1321 agricolae
1130 1239 1222 1300 erant
1245 1238 1278 1300 et
1301 1232 1420 1299 milites
1443 1236 1476 1298 et
1498 1232 1583 1298 nihil

463 1359 559 1426 aliud.

508 1483 674 1568 Denique,
698 1486 735 1546 ut
757 1485 852 1567 poeta
873 1483 936 1548 ait:

600 1696 722 1763 Punico
745 1697 829 1763 bello
850 1696 989 1762 secundo
1013 1696 1106 1762 Musa
1128 1696 1262 1782 pinnata
1283 1697 1386 1783 gradu

538 1815 540 1821 ⁸
599 1820 716 1888 Intulit
739 1845 772 1887 se
796 1822 979 1889 bellicosam
1002 1822 1035 1887 in
1059 1820 1190 1888 Romuli
1213 1825 1343 1908 gentem
1366 1823 1477 1890 leram.
1498 1824 1525 1912 ¹)

510 2035 571 2102 Sed
595 2058 698 2122 neque
721 2039 798 2100 tunc
821 2033 960 2100 orationi
983 2031 1106 2098 solutae
1131 2033 1240 2098 statim
1260 2033 1403 2100 additum
1421 2042 1470 2103 est
1486 2059 1582 2102 suum

464 2163 570 2227 decus.
600 2157 692 2246 Epici
720 2157 834 2223 Gracci
863 2161 897 2222 01
919 2157 1153 2223 comoediarum
1178 2158 1349 2242 scriptores
1376 2159 1582 2247 dignissimos

463 2289 551 2353 nacti
574 2291 651 2352 sunt
674 2286 867 2372 interpretes
889 2288 988 2370 atque
1004 2285 1197 2350 imitatores:
1221 2285 1367 2350 doctrina
1382 2288 1489 2350 autem
1507 2308 1582 2351 ora-

463 2413 547 2478 toria
569 2414 603 2475 et
625 2408 829 2495 philosophia
849 2409 996 2494 patribus
1018 2409 1168 2474 cinctutis
1190 2413 1288 2494 atque
1308 2409 1449 2475 barbatis
1466 2433 1580 2494 parum

462 2534 595 2620 placuit.
625 2533 724 2599 Lucio
748 2532 915 2598 Postumio
944 2554 1007 2598 cos.
1036 2533 1134 2619 (anno
1165 2533 1228 2596 173
1263 2555 1292 2598 a.
1316 2531 1368 2620 C.)
1395 2534 1579 2619 philosophi

463 2657 596 2743 Epicuri
614 2661 718 2722 sectae
735 2655 852 2720 addicti
869 2654 973 2719 Roma
995 2653 1080 2740 pulsi
1098 2659 1182 2720 sunt.
1205 2655 1356 2722 Messalla
1373 2662 1405 2722 et
1421 2657 1579 2724 Strabone

462 2783 648 2850 consulibus
673 2783 771 2868 (anno
789 2781 867 2868 157)
891 2803 1002 2846 rursus
1022 2780 1184 2846 decretum
1202 2787 1250 2846 est
1271 2786 1328 2848 »ut
1346 2783 1530 2869 philosophi
1547 2789 1580 2849 et

462 2909 607 2974 rhetores
629 2907 750 2973 Romae
773 2929 813 2971 ne
836 2906 975 2971 essent”.
1006 2904 1067 2970 Sed
1091 2910 1261 2990 postquam
1290 2906 1520 2988 Athenienses,
1546 2913 1580 2973 at

462 3032 657 3099 Carneadem
689 3035 722 3097 et
757 3031 932 3117 Diogenem
971 3035 1004 3096 et
1034 3029 1234 3110 Critolaum,
1269 3031 1462 3119 legationem
1489 3033 1579 3098 illam

462 3157 701 3223 celeberrimam
725 3156 765 3221 ad
788 3154 941 3221 Senatum
965 3155 1143 3235 miserunt,
1169 3179 1210 3220 ne
1236 3155 1317 3221 Cato
1345 3156 1472 3240 quidem
1496 3156 1580 3222 Cen-

463 3282 577 3361 sorius,
601 3282 811 3368 gravissimus
832 3279 886 3344 ille
909 3280 1073 3346 Romanae
1097 3279 1277 3346 severitatis
1305 3285 1403 3365 atque
1425 3281 1580 3366 simplici-

461 3407 540 3472 tatis
562 3406 708 3472 defensor
730 3405 900 3491 prohibere
923 3406 1044 3490 potuit,
1073 3406 1243 3490 quominus
1266 3407 1316 3470 sui
1346 3406 1430 3470 cives
1453 3430 1577 3472 summo

464 3531 571 3595 studio
595 3529 719 3596 dicendi
736 3533 838 3595 artem
854 3529 1130 3613 amplecterentur.
1156 3528 1261 3604 Quid?
1281 3532 1365 3614 quod
1384 3553 1577 3617 quamquam

461 3656 600 3721 refertur
611 3653 702 3734 Cato,
716 3654 825 3720 audito
837 3653 1008 3736 Carneade,
1017 3675 1113 3738 quam
1122 3653 1262 3736 primum
1273 3655 1399 3741 legatos
1412 3656 1576 3722 dimitten-

460 3779 516 3844 dos
529 3780 698 3860 censuisse,
711 3778 886 3864 »quoniam
901 3777 958 3842 illo
971 3777 1040 3842 viro
1052 3783 1311 3863 argumentante,
1323 3781 1399 3866 quid
1411 3783 1478 3847 veri
1494 3785 1576 3847 esset

460 3905 546 3970 haud
569 3903 664 3970 facile
686 3903 822 3969 discerni
852 3901 1044 3989 posset'’,²)
1071 3901 1153 3967 idem
1185 3906 1292 3969 tamen
1326 3905 1394 3992 ipse
1422 3911 1455 3972 et
1479 3930 1576 3973 senex

459 4029 581 4096 Graece
604 4029 724 4096 discere
746 4029 852 4114 coepit
875 4034 908 4094 et
930 4031 1013 4093 teste
1040 4025 1238 4103 Quintiliano
1268 4031 1391 4117 primus
1414 4033 1575 4101 Romano.

458 4266 618 4277 n—————-

493 4407 522 4476 r)
539 4407 601 4463 nur.
619 4405 689 4464 aar.
708 4402 741 4462 n.
760 4405 792 4461 n.
811 4407 829 4461 1.
849 4401 931 4461 nvn.
951 4407 995 4461 n.

493 4495 520 4572 a)
538 4496 607 4553 pun.
626 4498 690 4572 mn.
709 4496 741 4552 n.
760 4495 793 4553 n.
812 4499 830 4553 1.
850 4495 900 4552 vn
917 4497 961 4551 ar.
