3406 5496
686 655 729 724 43

148 871 318 937 confirmat
338 871 381 951 id,
403 872 489 957 quod
507 872 575 956 jam
597 872 704 957 priore
725 872 810 939 libro
832 872 918 939 haud
941 873 1073 939 obscure
1104 874 1265 941 indicare-

148 999 215 1071 rat3
239 995 386 1061 Crassum
409 1000 442 1061 et
464 995 641 1062 Antonium
664 997 766 1082 magis
785 997 929 1063 doctrina
941 1002 973 1064 et
984 998 1162 1064 eruditione
1174 1020 1267 1083 prae·

149 1117 269 1182 stitisse
293 1139 389 1200 quam
413 1117 511 1203 vulgo
534 1119 751 1202 opinarentur.
785 1121 859 1186 Jam
893 1143 1028 1204 puerum
1063 1144 1097 1186 se
1120 1124 1266 1200 sensisse,

150 1241 300 1307 Crassum
325 1243 466 1308 >Graece
488 1242 534 1306 sic
555 1243 657 1326 loqui,
679 1244 802 1310 nullam
827 1249 863 1310 ut
885 1268 979 1312 nosse
1002 1247 1099 1312 aliam
1122 1245 1267 1333 liugnam

149 1367 324 1432 videretur:
348 1368 430 1432 nihil
455 1368 483 1432 ei
506 1390 640 1446 novum,
659 1367 740 1432 nihil
762 1369 942 1434 inauditum
971 1370 1104 1434 videri.”
1128 1371 1175 1434 De
1199 1369 1268 1433 An·

151 1490 241 1555 tonio
265 1512 339 1554 vero
363 1513 380 1555 e
402 1494 520 1574 patruo
532 1492 691 1576 accepisse
713 1514 747 1557 se
769 1493 816 1558 ait
840 1494 1124 1578 »quemadmodum
1147 1493 1202 1557 ille
1218 1490 1268 1556 vel

150 1613 286 1678 Athenis
309 1614 359 1678 vel
381 1613 487 1679 Rhodi
511 1637 544 1680 se
578 1615 834 1680 doctissimorum
868 1617 1036 1683 hominum
1069 1616 1269 1683 sermonibus

149 1738 326 1816 dedisset”,
360 1761 456 1824 seque
490 1761 530 1804 ex
564 1761 601 1803 eo
635 1738 739 1802 multa
771 1761 863 1822 saepe
899 1741 1111 1823 quaesivisse3
1149 1739 1269 1803 nullius

149 1866 256 1927 autem
278 1863 335 1940 rei,
358 1885 439 1947 quae
462 1864 590 1947 quidem
610 1867 692 1927 esset
712 1864 746 1926 iu
759 1863 809 1927 his
821 1865 955 1942 artibus,
968 1864 1006 1929 de
1019 1865 1135 1949 quibus
1147 1863 1268 1948 aliquid

149 1986 330 2052 existimare
352 1996 460 2070 posset
484 1986 757 2063 adolescentulus,
780 1988 891 2051 rudem
926 1991 983 2051 aut
1016 1988 1166 2074 ignarum
1202 2007 1271 2051 esse

148 2111 263 2178 visum.
288 2111 469 2194 Utrumque
492 2114 600 2175 autem
624 2133 714 2175 suam
743 2110 957 2174 dissimulasse
982 2111 1171 2176 doctrinam.

196 2234 358 2310 >Quorum
382 2234 563 2312 consilium,
586 2236 643 2311 ait,
666 2233 761 2318 quale
784 2233 900 2310 fuerit,
932 2233 1015 2298 nihil
1038 2256 1114 2299 sane
1138 2235 1177 2299 ad
1209 2233 1270 2298 hoe

147 2364 286 2442 tempus.
300 2359 390 2422 Illud
411 2370 511 2422 antem
534 2371 576 2422 cst
600 2359 691 2445 liujus
713 2360 866 2423 institutae
877 2360 1050 2443 comptionis
1061 2383 1096 2422 oc
1115 2359 1269 2443 ternporie,

148 2485 301 2547 neminem
324 2484 494 2570 eloquentia
516 2506 578 2546 non
601 2484 691 2546 modo
713 2483 778 2544 sine
800 2483 921 2546 dicendi
939 2483 1079 2546 doctrina
1094 2485 1270 2546 sednesine

149 2608 379 2693 omniquidem
402 2609 552 2692 supientia
567 2606 685 2692 florere
709 2629 855 2692 nmquam
877 2618 905 2670 ct
928 2618 1092 2690 proestare
1123 2607 1268 2693 potrcieee.

148 2729 280 2795 Etenim
303 2733 426 2794 ceterae
448 2729 513 2794 fere
536 2732 622 2802 artes
645 2751 678 2793 se
700 2729 788 2812 ipsae
811 2751 868 2814 per
894 2752 927 2794 se
951 2733 1084 2794 tuentur
1105 2729 1268 2815 singulam

150 2853 347 2919 benedicere
369 2857 487 2930 autem,
512 2853 597 2936 quod
620 2857 669 2918 est
691 2852 827 2917 scienter
850 2856 882 2917 et
904 2854 1006 2936 perite
1030 2857 1063 2918 et
1085 2857 1198 2918 ornate
1221 2852 1269 2916 di·

149 2998 221 3042 cere
244 2998 308 3041 non
331 2975 430 3042 habet
453 2977 617 3041 definitam
640 2977 782 3059 aliquam
806 2977 987 3062 regionem,
1011 2978 1100 3061 cujus
1124 2975 1270 3041 terminis

149 3104 262 3184 saepta
285 3105 441 3167 teneatur.
466 3099 581 3165 Omnia
604 3121 822 3185 quaecumque
844 3101 877 3165 in
908 3101 1075 3166 hominum
1110 3099 1270 3182 discepta-

149 3224 272 3289 tionem
295 3224 405 3289 cadere
427 3227 577 3308 possunt,
601 3225 681 3289 bene
704 3228 780 3288 sunt
803 3224 832 3288 ei
866 3223 1017 3302 dicenda,
1052 3224 1108 3309 qui
1142 3222 1204 3287 hoc
1234 3244 1268 3286 se

149 3369 243 3431 posse
266 3347 454 3431 profitetur,
477 3352 534 3412 aut
557 3347 758 3432 eloquentiae
781 3370 896 3413 nomen
930 3347 1175 3432 relinquendum
1208 3350 1269 3411 est.

151 3470 258 3547 Quare
280 3471 484 3555 equidem..,
506 3472 625 3537 multos
655 3494 773 3559 magna
796 3470 890 3536 leude
914 3472 1038 3537 dicendi
1060 3471 1128 3536 sine
1151 3491 1272 3535 samma

150 3615 258 3658 rerum
282 3597 417 3660 omnium
447 3595 580 3660 scientia
613 3596 710 3660 fuisse
744 3597 861 3671 fateor3
897 3595 996 3660 talem
1025 3616 1100 3659 vero
1135 3595 1270 3660 existere

154 3717 390 3801 eloquentiam,
415 3718 520 3802 qualis
553 3719 616 3783 fuit
645 3719 678 3783 iu
714 3719 827 3785 Crasso
859 3723 891 3784 et
925 3719 1086 3796 Antonio,
1120 3741 1183 3784 non
1219 3739 1273 3783 co·

150 3839 255 3926 gnitis
278 3841 374 3906 rebus
396 3841 561 3920 omnibus,
586 3864 668 3926 qnae
691 3843 731 3907 ad
758 3847 883 3909 tentam
905 3842 1109 3927 prudentiam
1131 3842 1272 3926 pertine·

151 3967 227 4030 rent
249 3966 436 4048 tantamque
460 3965 584 4031 dicendi
607 3967 746 4050 copiam,
781 3970 903 4050 quanta
937 3966 970 4030 in
1005 3965 1071 4031 illis
1106 3965 1181 4043 suit,
1205 3985 1271 4029 non

151 4088 295 4173 potuisse
318 4089 503 4154 confirmo.”

198 4211 250 4277 Sic
262 4213 372 4296 paucis
383 4214 437 4278 sed
449 4214 647 4300 gravissimis
659 4213 726 4278 suis
738 4213 844 4278 verbis
860 4213 969 4278 Cicero
982 4213 1042 4278 hoc
1054 4213 1136 4289 loco,
1148 4211 1271 4294 aperire

151 4334 267 4412 voluit,
290 4339 489 4421 quantopere
502 4337 562 4401 sibi
581 4339 805 4421 probarentur,
821 4359 902 4421 quae
925 4337 959 4401 in
982 4337 1199 4420 superioribus
1215 4357 1272 4419 per

152 4458 261 4527 Crassi
279 4482 446 4544 personam
469 4461 752 4546 erantdisputatar
776 4462 880 4539 eredo,
905 4484 944 4526 ne
967 4461 1050 4526 forte
1073 4465 1272 4546 putaremus,
