3406 5496
692 613 735 682 35

157 849 216 892 nos
239 831 271 892 et
292 827 378 912 quod
401 826 578 913 exprimere
598 829 729 895 dicendo
744 849 838 894 seusa
852 827 1052 914 possumus.'’
1074 829 1176 907 Quam
1198 853 1273 900 vero

157 952 223 1017 vim
259 951 356 1017 aliam
392 953 534 1036 potuisse
567 952 712 1018 homines
746 950 840 1016 rudes
875 973 1091 1040 congregare,
1126 955 1273 1023 civitates

151 1074 302 1153 condere,
324 1097 523 1155 conservare,
547 1074 710 1153 excolere,
733 1075 796 1140 nisi
818 1078 982 1158 potentem
1005 1075 1096 1141 illam
1120 1081 1153 1142 et
1180 1081 1273 1162 quasi

156 1197 297 1262 divinam
321 1199 522 1283 eloquentiae
550 1202 681 1264 artem?
712 1198 849 1263 Perfecti
880 1198 1016 1262 oratoris
1039 1199 1143 1285 igitur
1165 1203 1274 1267 mode-

156 1320 281 1384 ratione
306 1327 338 1386 et
360 1322 518 1406 sapientia
541 1344 607 1387 non
629 1322 733 1386 solum
745 1321 845 1405 ipsius
860 1321 1064 1406 dignitatem,
1082 1323 1137 1426 sed
1157 1327 1190 1388 et
1208 1325 1273 1410 pri-

157 1447 305 1507 vatorum
348 1443 559 1538 plurimorum
598 1449 631 1509 et
672 1444 839 1508 universae
872 1443 919 1508 rei
956 1431 1102 1529 publicae
1135 1445 1272 1513 salutem

158 1567 295 1632 maxime
318 1568 483 1633 contineri.

202 1689 249 1754 At
270 1690 307 1767 Q.
331 1690 504 1770 Scaevola,
539 1697 576 1757 ut
606 1691 703 1756 Mucii
735 1712 867 1769 omnes,
902 1691 1104 1776 eloquentiae
1131 1715 1195 1759 non
1225 1695 1274 1759 ita

157 1814 336 1892 studiosus,
359 1837 553 1898 quamquam
576 1819 626 1879 est
648 1814 704 1880 ille
727 1815 852 1900 quidem
879 1814 980 1899 »juris
1002 1817 1179 1899 peritorum
1207 1816 1273 1882 elo·

159 1937 430 2019 quentissimus'’:
457 1938 483 2023 ¹)
507 1936 652 2016 »Cetera
676 1938 782 2021 inquit
808 1937 967 2003 assentior
988 1936 1103 2005 Crasso
1114 1987 1197 2019 .....
1220 1940 1275 2006 sed

157 2058 217 2124 illa
241 2061 315 2138 duo,
338 2059 462 2138 Crasse,
486 2083 619 2140 vereor,
643 2066 680 2125 ut
708 2061 768 2126 tibi
791 2061 910 2146 possim
933 2062 1121 2126 concedere:
1156 2085 1274 2141 unum,

158 2185 244 2270 quod
279 2186 320 2249 ab
350 2185 531 2251 oratoribus
558 2185 702 2251 civitates
730 2190 762 2250 et
794 2185 888 2249 initio
911 2184 1103 2250 constitutas
1126 2189 1158 2250 et
1180 2207 1275 2271 ωερε

158 2314 364 2375 conservatas
387 2331 455 2374 esse
477 2309 596 2388 dixisti,
619 2308 755 2374 alterum
779 2310 864 2394 quod
886 2312 1009 2376 remoto
1033 2309 1103 2373 foro
1126 2309 1275 2376 contione

155 2433 284 2517 judiciis
309 2438 440 2511 senatu,
465 2433 607 2498 statuisti
631 2439 791 2498 oratorem
815 2433 849 2497 in
872 2433 960 2497 omni
981 2453 1098 2518 genere
1120 2434 1274 2499 sermonis

158 2562 192 2622 et
215 2555 427 2621 humanitatis
451 2578 519 2621 esse
542 2557 752 2642 perlectum’'.
788 2557 873 2622 Illud
902 2558 1074 2643 impugnat
1096 2556 1274 2623 inducendo

158 2678 345 2758 Romulum,
369 2678 521 2760 Numam,
533 2678 688 2760 Servium,
702 2681 850 2762 Brutum,
862 2703 1000 2767 quorum
1016 2701 1134 2766 magna
1146 2679 1273 2765 quidem

157 2804 279 2870 fuerint
307 2803 346 2868 de
372 2826 407 2869 re
429 2804 559 2888 publica
581 2805 717 2884 merita,
753 2827 824 2869 cum
857 2809 966 2869 tamen
993 2803 1033 2868 de
1055 2803 1184 2869 illorum
1208 2804 1274 2870 elo-

158 2926 292 3012 quentia
321 2925 403 2990 nihil
436 2930 579 3005 constet;
614 2933 726 2994 contra
757 2931 874 2995 excitat
901 2929 1065 2994 Tiberium
1095 2933 1129 2994 et
1160 2927 1274 3013 Cajum

158 3053 338 3130 Gracchos,
364 3053 449 3117 viros
475 3057 562 3119 certe
585 3054 862 3138 eloquentissimos
885 3054 939 3118 sed
963 3052 1089 3118 civitati
1112 3053 1272 3120 exitiosos.

156 3176 309 3243 Alterum
332 3181 439 3242 autem
464 3199 502 3242 ea
524 3179 648 3242 ratione
671 3176 802 3254 refellit,
825 3181 862 3241 ut
873 3177 1030 3255 ostendat,
1043 3177 1147 3243 varias
1167 3177 1273 3262 pbilo-

157 3302 333 3386 sophorum
354 3301 495 3365 familias
517 3304 614 3385 atque
637 3301 795 3365 artificum
808 3323 926 3386 genera
942 3299 1055 3365 melius
1068 3300 1107 3365 de
1122 3302 1172 3380 iis,
1192 3323 1273 3386 quae

157 3449 216 3492 sua
240 3427 393 3510 cujusque
416 3429 486 3490 arte
508 3424 724 3500 continentur,
744 3423 856 3502 dicere,
885 3446 983 3507 quum
999 3429 1107 3490 orator
1136 3426 1273 3513 ignoret,

155 3572 241 3635 quae
264 3549 326 3634 ipsi
350 3549 488 3633 perfecte
511 3548 623 3613 sciant.

204 3673 437 3751 »Quamobrem
455 3672 560 3736 -ita
582 3671 696 3735 ille-
720 3671 782 3736 ista
805 3674 897 3736 tanta
920 3675 1051 3758 tamque
1074 3674 1178 3741 multa
1199 3697 1275 3760 pro-

155 3799 287 3876 fitenda,
310 3798 436 3875 Crasse,
459 3819 523 3861 uon
548 3817 671 3861 censeo.
697 3793 783 3859 Satis
796 3795 889 3859 idest
905 3818 1070 3882 maguum,
1088 3800 1172 3882 quod
1184 3804 1275 3886 potes

155 3929 333 4010 praestare,
358 3927 393 3987 ut
410 3924 444 3986 in
464 3921 599 4006 judiciis·
618 3943 656 3984 ea
678 3942 784 4000 causa,
798 3942 1032 4004 quamcumque
1049 3927 1085 3987 tu
1102 3923 1190 4001 dicis,
1207 3945 1274 3989 mc·

155 4050 219 4116 lior
246 4053 279 4113 et
302 4047 499 4133 probabilior
528 4066 596 4111 esse
619 4045 787 4121 videatur3
811 4049 847 4108 ut
882 4044 916 4107 iu
951 4044 1155 4110 concionibus
1180 4048 1214 4109 et
1240 4045 1275 4111 in

154 4173 323 4241 sententiis
358 4170 498 4237 dicendis
526 4171 567 4235 ad
601 4167 854 4256 persuadendum
886 4171 943 4232 tua
964 4167 1138 4252 plurimum
1169 4167 1275 4236 valeat

190 4441 217 4514 1)
237 4441 332 4497 Orator
350 4441 363 4512 5
381 4442 443 4496 tlt.
