3432 5498
682 660 744 730 101

154 875 361 962 Trasymaohi
384 881 635 961 oeterorumque,
653 876 796 960 quisunt
819 875 853 941 in
878 875 1074 956 misirere,
1098 899 1271 950 sermones.

154 1001 240 1077 Quae
250 1024 358 1067 rerum
370 1002 574 1088 dicendarum
585 999 637 1064 lex
649 999 902 1065 Atheniensibus
913 1000 978 1066 illis
997 1001 1135 1085 placuit:
1150 1001 1216 1092 ὅπῃ
1232 999 1273 1071 ἂν

155 1117 278 1208 ὃλόγος
300 1121 410 1213 ὥσπερ
433 1131 566 1209 πνεῦμα
590 1131 674 1212 φέρῃ
690 1123 794 1212 ταύτῃ
817 1123 918 1201 ἰτέον,
943 1125 1045 1190 eidem
1068 1126 1196 1191 Tullius
1215 1150 1273 1212 pa·

154 1249 229 1326 ruit,
242 1271 391 1333 —quam
407 1250 493 1314 enim
503 1270 627 1332 saepen
649 1248 814 1333 proposito
837 1248 1028 1313 divertitur?
1052 1248 1120 1314 Neo
1132 1249 1271 1315 dissimi-

152 1371 236 1436 libus
259 1372 364 1437 verbis
387 1372 519 1438 eandem
543 1373 723 1438 enuntiavit
747 1373 912 1456 ›Accipio,
935 1373 1053 1458 inquit,
1077 1376 1162 1459 quod
1176 1376 1272 1440 datur

154 1498 186 1560 et
209 1495 310 1572 adid,
335 1496 418 1561 unde
439 1495 556 1580 aliquis
579 1469 675 1561 flatus
698 1496 887 1574 ostenditur,
908 1497 979 1561 vela
1004 1498 1077 1563 do.'’
1102 1498 1127 1587 1)

196 1618 356 1697 Ceterum,
379 1621 463 1704 quod
486 1642 543 1704 per
565 1619 743 1686 Antonium
766 1620 920 1686 suadebat
943 1622 1063 1686 oratori
1087 1620 1217 1687 Cicero:
1233 1626 1269 1687 ut

152 1748 312 1810 sententias
330 1749 364 1810 et
382 1747 552 1810 doctrinam
568 1743 697 1808 illorum
708 1743 864 1809 librorum
878 1744 1017 1810 adalind
1030 1749 1155 1830 tempus
1168 1767 1270 1810 reser-

153 1872 243 1935 varet
267 1908 307 1917 —
331 1868 415 1933 idem
433 1868 500 1932 fere
523 1868 628 1952 ipsum
644 1868 756 1932 fecisse
779 1868 914 1932 dixerim
934 1889 1006 1933 eum
1031 1869 1090 1933 »de
1114 1867 1270 1933 Oratore'’

152 1993 314 2060 scriberet.
338 1992 422 2057 Nam
446 1992 530 2056 sient
552 1990 644 2056 libris
676 1991 735 2056 »de
758 1991 806 2055 Re
833 1991 1003 2075 publica”,
1037 1993 1093 2077 qui
1125 1992 1269 2076 proxime

152 2121 224 2200 post
246 2116 346 2182 libros
369 2115 407 2181 de
430 2115 565 2181 Oratore
588 2119 663 2179 sunt
686 2114 867 2198 conscripti,
886 2136 1036 2199 magnam
1053 2120 1178 2198 partem
1190 2137 1269 2198 pen-

150 2242 227 2305 dent
250 2263 288 2305 ex
312 2239 457 2304 Platonis
479 2238 673 2314 ›Civitate”,
695 2237 741 2300 ita
759 2236 810 2302 bic
832 2258 1008 2320 perpaucos
1032 2243 1160 2303 tantum
1180 2237 1269 2304 locos

14 2367 15 2376 ’
150 2365 289 2450 reperire
311 2362 419 2446 potui,
450 2363 505 2447 qui
527 2385 566 2427 ex
588 2361 715 2448 ingenti
745 2359 803 2425 illo
832 2383 928 2445 opere
956 2361 1095 2425 mutuati
1125 2361 1269 2426 videren-

149 2492 212 2554 tur.
230 2527 271 2536 -
290 2485 500 2570 Quamquam,
519 2485 643 2551 duobus
666 2483 744 2548 locis
768 2483 932 2551 ›Oivitas''
958 2507 1106 2571 expresse
1130 2507 1269 2551 comme·

14 2587 15 2610 ³
150 2615 307 2677 moratur:
330 2611 481 2676 hortatur
503 2608 665 2674 Antonius
689 2593 890 2692 eloquentiae
913 2607 1111 2686 studiosum,
1134 2612 1172 2672 ut
1194 2608 1268 2694 phi·

148 2735 355 2819 losophorum
377 2733 477 2798 libros
500 2739 640 2799 reservet
658 2733 719 2798 sibi
731 2733 771 2796 ad
788 2732 964 2797 Tusculani
989 2731 1141 2816 requiem,
1166 2731 1267 2797 »nesi

150 2859 288 2942 quando,
300 2858 418 2943 inquit,
434 2857 463 2922 ei
476 2856 716 2922 dicendumerit
729 2857 767 2920 de
775 2857 905 2942 justitia
921 2861 954 2921 et
965 2856 1037 2934 fide,
1061 2859 1228 2921 mutuetur
1250 2879 1271 2922 a

13 3023 14 3052 r
148 2982 299 3055 Platone;
322 2982 378 3066 qui
401 3004 473 3046 cum
495 2981 574 3046 haee
597 2980 802 3064 exprimenda
824 2978 930 3044 verbis
953 2979 1188 3055 arbitraretur,
1210 3001 1270 3043 no-

149 3130 222 3171 vam
241 3107 401 3190 quandam
423 3107 518 3170 finxit
540 3105 574 3169 in
597 3106 687 3170 libris
709 3103 888 3178 civitatem3
914 3124 1014 3186 usque
1037 3123 1074 3166 eo
1097 3101 1164 3180 illa,
1188 3123 1270 3185 quae

149 3231 281 3296 dicenda
304 3230 342 3294 de
361 3230 488 3314 justitia
510 3228 662 3313 putebat,
685 3250 705 3291 a
728 3227 813 3293 vitae
837 3225 1066 3300 consuetudine
1089 3229 1122 3290 et
1145 3247 1165 3289 a
1192 3224 1270 3289 civi-

150 3357 253 3419 tatum
288 3353 429 3418 moribus
460 3352 715 3427 abhorrebant;”
746 3351 955 3432 —itemque
982 3348 1092 3432 paullo
1120 3347 1206 3412 infra
1232 3347 1271 3412 de

150 3475 353 3542 damnatione
377 3496 475 3561 agens
499 3475 535 3539 P.
559 3475 690 3540 Rutilii:
727 3474 844 3539 »Nune
871 3473 946 3537 talis
981 3472 1030 3537 vir
1053 3471 1188 3536 amissus
1211 3475 1271 3547 est,

150 3599 266 3683 inquit,
290 3598 365 3663 dum
388 3577 484 3662 eausa
503 3599 550 3663 ita
573 3600 701 3676 dieitur,
719 3602 756 3662 ut
779 3598 806 3662 si
829 3598 863 3661 in
883 3597 940 3660 illa
956 3595 1179 3661 commenticia
1195 3594 1271 3658 Pla·

151 3722 236 3786 tonis
260 3721 389 3786 civitate
412 3743 462 3786 res
485 3723 667 3807 ageretur.'’
689 3723 715 3806 2)

195 3845 256 3910 Sed
278 3845 333 3909 rix
355 3844 481 3922 habeo,
510 3867 590 3928 quos
613 3850 780 3929 praeterea
803 3844 936 3908 afferam
958 3843 1068 3918 locos,
1100 3845 1136 3905 ut
1167 3840 1272 3923 ajunt,

151 3968 389 4055 παραλλήλους.
418 3967 563 4033 Occurrit
587 3967 782 4045 subsimilis,
812 3988 894 4049 quae
918 3970 967 4032 est
990 3966 1074 4049 apud
1098 3968 1271 4047 utrumque

151 4092 323 4157 disserendi
346 4091 425 4156 artis
449 4091 628 4176 descriptio.
664 4090 746 4156 (lum
768 4091 896 4174 scripsit
919 4088 1046 4154 Cicero:
1076 4085 1163 4152 ›Ubi
1186 4085 1272 4150 enim

187 4391 214 4460 1)
231 4389 288 4446 Oiv.
307 4391 337 4446 Ρ.
355 4392 408 4446 394
426 4391 458 4445 D.
479 4421 512 4430 -
531 4391 570 4446 De
589 4390 635 4446 Or.
654 4391 687 4446 11.
705 4392 766 4446 187.
789 4391 823 4444 of.
842 4388 888 4444 Or.
910 4391 952 4442 75.

190 4483 217 4544 λ)
236 4480 276 4534 De
295 4479 340 4535 Or.
359 4480 379 4534 1.
398 4483 460 4550 224,
477 4483 539 4536 230.
