3406 5496
680 617 721 686 51

141 837 307 922 Antiquos
330 835 450 900 multas
466 834 563 901 simul
588 838 674 900 artes
701 833 857 908 tenuisse;
894 834 1030 900 maxime
1053 832 1262 899 Aristotelem

139 961 201 1044 qui
233 960 356 1026 ornarit
390 965 422 1024 et
455 958 624 1024 illustrarit
648 957 825 1022 doctrinam
847 955 936 1021 illam
960 979 1109 1036 omnem,
1139 979 1262 1024 rerum·

143 1107 212 1169 que
243 1084 460 1170 cognitionem
495 1105 566 1148 eum
601 1080 755 1147 orationis
792 1080 1019 1146 exercitatione
1049 1082 1262 1167 conjunxerit.

194 1207 340 1292 Denique
361 1211 466 1272 totum
490 1205 704 1283 hunelocum‚
722 1203 773 1269 vel
785 1205 893 1289 potius
905 1206 1116 1290 omnie,quae
1134 1206 1168 1272 iu
1180 1207 1264 1273 hanc

142 1331 341 1397 sententiam
369 1331 534 1415 disputata
565 1334 651 1406 sunt,
675 1327 883 1393 concludens:
910 1329 1036 1408 »Nunc‚
1058 1330 1174 1414 inquit,
1197 1331 1264 1396 sive

145 1457 206 1541 qui
229 1455 326 1531 volet,
349 1477 422 1523 eum
445 1453 681 1538 philosophum,
705 1451 760 1536 qui
772 1452 895 1536 copiam
910 1453 1010 1519 nobis
1022 1476 1128 1519 rerum
1145 1456 1265 1542 oratio·

149 1581 266 1665 nisque
302 1579 431 1655 trudat,
466 1599 523 1662 per
546 1599 597 1642 me
620 1576 761 1662 appellet
785 1582 946 1643 oratorem
968 1576 1068 1655 lieet;
1089 1579 1156 1644 sive
1179 1579 1265 1645 hunc

147 1708 331 1779 oratorem,
366 1724 460 1786 quem
495 1722 554 1786 ego
577 1701 647 1766 dico
671 1701 862 1786 sapientiam
881 1702 1027 1786 junctam
1051 1703 1169 1769 habere
1199 1703 1267 1770 elo·¹

151 1825 312 1910 quentiae,
335 1824 564 1910 philosophum
587 1823 750 1909 appellare
772 1824 882 1905 malet,
894 1848 958 1892 non
971 1827 1159 1912 irupediam3
1172 1827 1265 1894 dum·

151 1950 245 2014 modo
270 1949 338 2014 hoe·
353 1933 488 2027 constet,
510 1970 612 2032 neque
635 1949 804 2015 infantiam
828 1951 896 2034 ejus
920 1951 1063 2035 quirem
1087 1952 1190 2030 norit,
1212 1954 1267 2018 sed

152 2097 223 2139 eam
247 2073 404 2158 explicare
427 2073 558 2138 dicendo
581 2095 646 2139 non
669 2079 783 2158 queat,
804 2097 917 2160 neque
947 2074 1148 2141 inscientiam
1178 2076 1267 2142 illius

153 2200 206 2265 cui
229 2221 278 2263 res
310 2220 372 2262 non
397 2202 559 2283 suppetat,
594 2199 692 2263 verba
725 2222 790 2265 nou
825 2200 940 2276 desint,
964 2220 1031 2264 esse
1064 2198 1266 2268 laudandam.
1301 2271 1303 2275 ,

152 2324 293 2400 Quorum
318 2322 344 2390 si
368 2322 506 2387 alterum
529 2322 573 2387 sit
586 2323 773 2407 optandum,
794 2324 903 2389 malim
923 2323 1068 2408 equidem
1081 2323 1269 2391 indisertam

152 2448 355 2534 prudentiam
378 2469 473 2532 quam
497 2447 670 2512 stultitiam
694 2447 869 2532 loquacem.
894 2447 949 2514 Sin
975 2446 1169 2532 quaerimus,
1191 2450 1271 2533 quid

152 2594 251 2636 unum
277 2570 412 2636 excellat
435 2593 474 2635 ex
495 2570 661 2650 omnibuS,
692 2572 785 2637 docto
808 2573 929 2638 oratori
951 2571 1060 2657 palma
1081 2572 1185 2637 danda
1207 2577 1268 2638 est.

153 2696 253 2772 Quem
277 2695 303 2759 si
327 2694 495 2780 patiuntur
518 2694 652 2759 eundem
675 2719 742 2761 esse
766 2696 1013 2781 philosophum,
1044 2696 1172 2762 sublata
1193 2719 1272 2763 oona·

152 2821 310 2888 troversia
333 2824 390 2885 est.
419 2819 481 2885 -Sin
504 2842 557 2884 eos
582 2819 761 2907 dijungent,
785 2820 845 2885 hoo
867 2825 962 2886 erunt
984 2821 1160 2899 inferiores,
1184 2822 1270 2905 quod

154 2948 189 3012 in
213 2950 339 3013 oratore
363 2945 504 3029 perfecto
527 2944 611 3010 inest
633 2943 763 3008 illorum
792 2945 897 3009 omnis
920 2946 1073 3024 scientia,
1097 2945 1132 3010 in
1163 2945 1269 3031 philo·

152 3071 328 3157 sophorum
351 3074 458 3135 autern
481 3068 665 3155 cognitione
689 3091 753 3132 non
777 3070 928 3135 continuo
959 3071 1044 3135 inest
1068 3069 1268 3154 eloquentia;

153 3219 237 3281 quae
261 3195 407 3280 quamvis
429 3196 654 3259 contemnatur
671 3191 712 3257 ab
725 3193 781 3271 eis,
800 3215 927 3260 neeesse
943 3199 1111 3260 esttamen
1129 3192 1270 3276 aliquem

153 3321 316 3388 cumulum
339 3319 471 3385 illorum
494 3318 618 3383 artibus
641 3318 754 3383 afferre
778 3318 954 3384 videatur.”

200 3446 312 3511 »Haec
346 3467 418 3508 cum
452 3442 585 3508 Crassus
608 3443 741 3508 dixisset
769 3466 941 3530 parumper
964 3449 996 3509 et
1025 3444 1093 3528 ipse
1116 3440 1271 3508 conticuit

155 3577 195 3656 et,
210 3571 324 3637 ceteris
347 3569 511 3634 silentium
533 3567 628 3633 fuit.''
653 3566 791 3646 Scilicet,

269 3681 308 3770 ὧς
332 3691 437 3780 ipat,
460 3694 492 3758 οἳ
516 3688 544 3759 δ’
547 3693 610 3781 ἄρα
634 3693 757 3766 πάντες
780 3685 860 3780 ἀκὴν
882 3690 1029 3776 ἐγένοντο
1054 3696 1170 3780 σιωπῇ,

268 3824 379 3904 μῦθον
402 3814 632 3902 ἀγασσάμενοι·

193 3939 284 4008 Tum
308 3942 423 4009 Cotta:
449 3965 521 4008 cunr
544 3942 711 4007 dicendum
735 3950 818 4006 esset
841 3942 879 4006 de
902 3941 1093 4006 illustranda
1116 3941 1270 4019 oratione,

157 4074 321 4155 irrepente,
341 4070 457 4154 inquit,
480 4073 512 4132 te
535 4068 627 4153 quasi
650 4068 780 4152 quidam
804 4072 910 4132 aestus
932 4067 1054 4154 ingenii
1071 4067 1118 4134 tui
1131 4064 1272 4150 procula

156 4200 245 4260 terra
274 4194 417 4278 abripuit
452 4198 549 4278 atque
569 4193 604 4258 in
627 4193 731 4258 altum
759 4215 778 4257 a
811 4195 983 4276 conspectu
1005 4211 1106 4274 paene
1129 4188 1284 4270 omnium·

156 4320 347 4385 abstraxit.'’
371 4319 472 4384 Totus
494 4316 528 4381 in
557 4315 761 4381 Academiam
784 4315 984 4399 compulsus,
1007 4318 1045 4378 ut
1067 4313 1168 4377 diseat
1193 4333 1272 4396 »pro

158 4445 307 4513 omnibus
343 4447 376 4512 et
411 4445 522 4509 eontra
569 4443 676 4508 omnia
710 4440 892 4528 disputare’'
931 4440 1066 4508 libenter
1108 4441 1272 4506 consumet
