3406 5496
1009 647 1051 714 20

517 859 612 930 Anno
630 864 740 950 igitur·
756 865 797 928 55
818 862 962 928 Ciceroni
982 862 1172 948 gravissima
1188 881 1283 924 causa
1305 860 1385 936 erat,
1412 879 1469 922 cur
1493 877 1589 941 saepe

471 990 590 1075 diuque
624 989 662 1053 de
686 988 846 1053 rhetorica
876 985 1080 1051 institutione
1111 985 1280 1070 cogitaret.
1317 981 1403 1047 Illud
1432 981 1517 1046 enim
1548 1002 1589 1046 ex

471 1115 541 1197 ejus
563 1112 706 1196 epistolis
729 1111 813 1176 clare
836 1109 953 1175 elucet:
978 1109 1102 1174 nullum
1127 1129 1278 1192 umquam
1294 1110 1419 1193 patrem
1442 1105 1480 1170 dc
1502 1104 1587 1170 filio·

470 1260 541 1302 rum
571 1236 756 1300 educatione
783 1234 942 1299 litteraria
972 1233 1076 1320 magis
1102 1232 1199 1298 fuisse
1229 1229 1412 1296 sollicitum.
1447 1229 1587 1296 Vixdum

470 1364 595 1425 sextum
617 1361 732 1425 aetatis
756 1381 875 1424 annum
900 1357 1027 1422 Marcus
1050 1357 1136 1422 filius
1160 1355 1360 1441 expleverat,
1385 1376 1456 1419 cum
1475 1354 1544 1438 jam
1568 1376 1587 1417 a

469 1487 561 1568 patre
585 1484 705 1548 Graece
728 1483 887 1558 discebat3
910 1482 1002 1565 cujus
1021 1481 1067 1546 rei
1084 1481 1197 1546 afferre
1213 1479 1304 1544 lubet
1322 1479 1385 1544 duo
1402 1477 1586 1543 testimonia

469 1608 679 1692 lepidissima:
712 1608 805 1672 binae
829 1607 913 1671 enim
936 1605 1065 1671 litterae
1088 1605 1128 1671 ad
1153 1604 1298 1670 Atticum
1322 1603 1478 1690 scriptae,
1503 1624 1586 1686 quae

470 1735 547 1798 sunt
587 1732 663 1796 anni
707 1733 772 1809 59,
814 1730 893 1795 baec
927 1751 1028 1812 pauca
1067 1749 1181 1816 graece
1215 1727 1377 1813 adscripto
1411 1726 1584 1793 exhibent:

469 1861 614 1941 Κικέρων
656 1847 673 1919 ὃ
707 1859 826 1941 ’μικρὸς
865 1849 1046 1930 ἀσπάζεται
1090 1861 1190 1921 Τίτον
1229 1848 1420 1942 Ἀθηναῖον.
1462 1850 1491 1940 ¹)
1529 1852 1584 1918 καὶ

470 1987 614 2066 Κικέρων
637 1973 654 2043 ὁ
678 1979 856 2064 φιλόσοφος
878 1972 936 2043 τὸν
959 1980 1128 2045 πολιτικὸν
1152 1985 1252 2044 Τίτον
1275 1972 1457 2053 ἀσπάζεται
1470 1977 1497 2063 ²)
1520 1975 1585 2041 Fa-

467 2103 527 2170 cile
568 2103 706 2168 sentitur
740 2103 859 2167 blanda
893 2124 930 2166 ea
959 2103 1056 2169 verba
1079 2103 1195 2188 puerili
1226 2125 1324 2168 manu
1355 2123 1422 2168 esse
1456 2101 1585 2178 addita,

467 2234 558 2313 patre
582 2233 640 2293 aut
662 2229 803 2293 dictante
826 2232 884 2292 aut
907 2230 990 2294 forte
1014 2228 1111 2293 etiam
1134 2250 1265 2292 manum
1295 2230 1438 2314 regente.
1473 2225 1586 2312 Neque

467 2353 514 2417 ita
538 2351 640 2416 multo
664 2356 739 2436 post
762 2353 857 2417 ambo
881 2353 972 2436 pueri
995 2353 1028 2416 in
1048 2352 1263 2436 Tyrannionis
1273 2350 1475 2437 grammatici
1492 2348 1586 2414 disci-

466 2475 589 2560 plinam
614 2481 689 2541 sunt
709 2477 839 2541 traditi:
866 2477 977 2542 scribit
1009 2477 1094 2542 enim
1127 2478 1159 2541 in
1195 2475 1331 2561 epistola
1364 2474 1404 2541 ad
1431 2473 1584 2550 Quintum

466 2603 599 2667 fratrem
616 2624 701 2667 anno
715 2603 768 2666 56.
788 2602 947 2678 »Quintus
960 2605 1035 2666 tuus
1048 2623 1125 2686 puer
1138 2601 1278 2686 optimus
1290 2600 1433 2666 eruditur
1445 2600 1584 2688 egregie,

445 2725 535 2790 *Hoc
558 2747 643 2789 nunc
667 2726 770 2812 magis
794 2726 925 2790 adverto
949 2726 1035 2810 quod
1058 2726 1221 2810 Tyrannio
1245 2726 1331 2810 apud
1349 2747 1400 2790 me
1419 2723 1542 2790 docet.”
1557 2722 1584 2809 3)

500 2847 617 2933 'Atque
642 2854 841 2933 compertum
869 2853 933 2925 est,
956 2848 1005 2912 sin
1036 2848 1142 2912 minus
1166 2849 1304 2934 utrique,
1324 2849 1437 2914 saltem
1463 2848 1582 2924 Quinto

465 2995 584 3036 annum
610 2973 701 3037 illum
727 2975 768 3037 55
791 2975 939 3038 ultimum
953 2973 1050 3037 fuisse
1063 2973 1147 3057 apud
1159 2975 1417 3058 grammaticum.
1446 2972 1581 3038 Derbe·

464 3099 534 3160 tore
554 3096 654 3181 igitur
666 3098 813 3182 eligendo
825 3097 970 3163 Ciceroni
984 3119 1059 3162 cura
1071 3119 1138 3162 esse
1150 3097 1271 3176 debuit,
1284 3139 1326 3148 -
1342 3102 1376 3163 et
1391 3120 1467 3163 sane
1485 3096 1581 3183 elegit

463 3219 649 3285 Paeonium.
685 3221 723 3285 In
755 3222 867 3285 iisdem
906 3223 991 3286 enim
1028 3221 1220 3288 domesticae
1263 3223 1346 3288 vitae
1382 3225 1578 3288 commenta·

463 3343 542 3422 riis,
577 3345 731 3428 quisunt
764 3346 840 3409 anni
871 3346 1028 3429 proximi,
1063 3344 1141 3410 haec
1170 3346 1308 3432 legimus
1344 3345 1476 3412 »Cicero
1504 3350 1578 3412 tuus

462 3473 634 3552 nosterque
658 3469 793 3553 (desolo
812 3470 1129 3557 Quintosermoest)
1153 3493 1277 3536 summo
1300 3471 1405 3536 studio
1428 3475 1477 3536 est
1499 3471 1578 3537 Pae·

463 3591 529 3655 onii
549 3590 598 3655 sui
615 3592 763 3670 rhetoric,
782 3592 921 3658 hominis
944 3593 1036 3658 valde
1061 3595 1227 3660 exercitati
1250 3597 1402 3662 etboni.”
1417 3596 1443 3686 ⁴)
1467 3597 1578 3682 Neque

461 3718 570 3779 tamen
591 3716 619 3779 is
637 3720 706 3780 erat
726 3716 892 3796 Paeonius,
911 3720 945 3782 in
968 3720 1058 3804 cujus
1081 3719 1284 3786 institutione
1307 3724 1390 3788 nihil
1413 3727 1470 3788 aut
1493 3747 1578 3790 com-

460 3836 613 3922 plendum
641 3844 699 3903 aut
721 3841 944 3927 corrigendum
976 3842 1101 3908 Tullius
1126 3850 1285 3910 censeret:
1314 3848 1401 3913 addit
1429 3850 1514 3914 enim
1545 3850 1577 3914 in

461 3963 570 4027 eadem
594 3964 729 4047 epistola
753 3965 834 4030 hacc
857 3967 964 4045 verba,
988 4007 1030 4017 —
1056 3990 1137 4053 quae
1161 3991 1311 4056 magnam
1328 3973 1471 4058 parentis
1489 3973 1578 4039 solli·

459 4125 620 4136 ——n—...1

495 4212 753 4282 UMMMQ

495 4300 523 4368 ἢ)
545 4301 611 4356 lbid.
630 4307 734 4371 op.12.

494 4389 521 4458 3)
544 4391 587 4445 Ad
605 4391 636 4456 Q.
655 4393 687 4446 fr.
706 4394 724 4446 l.
743 4393 810 4447 114.
830 4396 855 4448 2.
875 4423 909 4431 -
928 4395 975 4448 cfr.
994 4411 1036 4466 ep.
1055 4399 1098 4452 14.

495 4477 643 4545 4)1bid.1.
663 4478 707 4535 111.
726 4482 751 4536 3.
