3432 5498
694 599 736 672 81

152 817 286 910 ›Cujus,
308 818 425 908 inquit,
449 826 519 888 tum
542 820 680 887 Athenis
703 841 776 886 eum
798 817 979 886 Charmada
1001 815 1186 905 diligentius
1205 817 1273 910 legi

151 948 308 1034 Gorgiam
327 948 368 1033 ¹),
393 969 458 1032 quo
480 947 515 1011 in
536 946 621 1010 libro
645 945 706 1010 hoe
728 944 865 1010 ¹maxime
888 945 1070 1012 admirabar
1092 944 1274 1027 Platonem,

152 1072 246 1156 quod
264 1071 345 1135 mihi
367 1071 401 1140 in
421 1070 601 1140 oratoribus
623 1068 792 1133 irridendis
814 1069 883 1152 ipse
907 1090 974 1133 esse
998 1075 1110 1136 orator
1131 1093 1275 1136 summus

153 1195 359 1270 videbatur.'’„
376 1211 428 1242 ·-
456 1193 578 1280 Magna
609 1192 693 1257 enim
722 1189 892 1278 diligentia
914 1191 1065 1260 Crassum
1093 1196 1145 1261 vel
1168 1197 1276 1280 potius

153 1316 447 1390 Ciceronemitlum
458 1315 577 1384 librum
590 1317 718 1403 legisse,
735 1314 818 1381 nihil
830 1338 910 1400 opus
922 1322 971 1382 est
981 1322 1113 1403 propter
1129 1319 1198 1402 ejus
1211 1323 1276 1385 tes·

154 1441 338 1506 timonium
363 1442 506 1510 eredere:
550 1441 747 1526 comparatio
784 1441 950 1526 utriusque
989 1440 1064 1506 libri
1104 1442 1277 1508 clarissime

155 1565 309 1642 ostendit.

202 1689 278 1754 Jam
301 1711 373 1754 eum
397 1689 447 1767 iis,
470 1690 586 1774 quibus
602 1688 712 1754 Cicero
729 1711 839 1753 rursus
854 1685 999 1753 Platonis
1009 1689 1128 1754 librum
1140 1712 1278 1756 comme·

158 1818 279 1877 morat:
295 1852 335 1860 -
349 1813 424 1878 »hie
446 1814 638 1902 (Leontinus
654 1812 807 1899 Gorgias)
823 1812 857 1876 in
876 1812 932 1876 illo
948 1813 1018 1897 ipso
1029 1807 1174 1879 Platonis
1196 1812 1279 1880 libro

158 1936 199 1999 de
238 1937 324 2000 omni
354 1959 402 2014 re,
426 1959 645 2022 quaecumque
678 1938 712 2001 in
745 1937 1007 2022 disceptationem
1044 1939 1279 2022 quaestionem»

159 2082 224 2144 que
237 2064 378 2139 vocetur,
390 2083 424 2126 se
436 2061 651 2146 copiosissime
663 2062 821 2128 dicturum
835 2082 904 2126 esse
920 2061 1123 2145 profitetur”,
1145 2061 1280 2146 quisque

160 2185 274 2249 statim
297 2186 439 2252 conferet
461 2185 715 2252 illudPlatonis:
739 2183 891 2252 »ἐκέλευέ
908 2179 935 2269 y’
953 2172 1083 2252 οὖννῦν
1099 2180 1137 2274 δὴ
1157 2183 1281 2274 ἐρωτᾶν

163 2303 219 2386 ὅτιΙ
242 2333 291 2382 τις
320 2310 470 2394 βούλοιτο
502 2315 567 2377 τῶν
597 2308 693 2376 ἔνδον,
721 2309 843 2388 ὄντων,
872 2303 1039 2397 καὶπρὸς
1066 2304 1187 2376 ἅπαντ’
1210 2305 1281 2399 Ιἔφη

163 2427 451 2520 ἀποκρινεῖσθαι.”
471 2435 498 2521 ²)
521 2433 581 2499 Sed
605 2434 685 2499 haee
708 2433 792 2499 torte
815 2434 951 2512 minora,
972 2432 1030 2498 illa
1053 2455 1128 2499 vero
1151 2435 1284 2519 majoris

165 2562 244 2623 sunt
255 2559 414 2643 ponderis.
433 2557 513 2624 Cum
529 2559 702 2644 magnifica
713 2558 771 2623 iila
785 2557 987 2641 eloquentiae
999 2557 1246 2642 praedieatione,
1264 2581 1284 2623 a

167 2704 232 2766 qna
248 2704 378 2750 exorsus
395 2685 443 2748 est
455 2681 597 2761 Crassus,
618 2682 818 2748 conferamus
837 2702 885 2760 ea,
901 2702 984 2766 quae
996 2681 1034 2746 de
1045 2703 1103 2746 sua
1115 2685 1185 2747 arte
1208 2682 1286 2748 dieit

166 2807 315 2892 Gorgias,
331 2807 396 2892 qui,
419 2808 478 2877 etsi
501 2829 566 2872 non
589 2807 698 2872 eodem
722 2805 877 2871 orationis
899 2805 1031 2870 flumine
1053 2827 1157 2889 neque
1177 2805 1287 2871 eadem

167 2931 339 2996 verborum
363 2931 456 3015 eopia
478 2931 680 3015 eloquentiae
701 2930 812 2995 laudes
835 2929 1010 3022 praedicat,
1028 2968 1068 2976 —
1086 2929 1228 2994 monitus
1240 2934 1289 2996 est

167 3055 253 3120 enim
277 3056 341 3140 jam
363 3078 428 3120 non
452 3055 564 3134 semel,v
585 3058 623 3120 ut
646 3053 837 3139 respondeat
859 3049 941 3119 κατὰ
964 3047 1068 3141 βραχὺ
1083 3091 1122 3104 -
1141 3076 1206 3119 non
1227 3054 1288 3119 mi·

168 3202 249 3245 nora
279 3183 387 3244 tamen
419 3202 495 3245 suae
526 3180 590 3246 arti
620 3179 745 3244 tribuit.
781 3177 933 3242 Affirmat
959 3177 1044 3241 enim
1072 3175 1163 3241 suam
1187 3180 1288 3242 artem

169 3308 311 3370 tractare
326 3299 366 3370 τὰ
382 3312 518 3389 μέγιστα
535 3310 600 3370 τῶν
615 3298 834 3391 ἀνθρωπείων
853 3300 1065 3389 πραγμάτων,
1078 3287 1289 3388 divinoque,

169 3431 225 3495 καὶ
247 3429 365 3516 ἄριστα
384 3427 422 3516 ³),
445 3430 736 3515 interrogatusque,
758 3426 835 3511 quid
859 3449 935 3492 suae
959 3426 1022 3491 arti
1045 3425 1291 3490 maximumtri·

170 3555 263 3621 buat:
289 3549 372 3643 ὅπερ
395 3552 492 3632 ἐστίν,
517 3541 541 3618 ni
562 3554 740 3641 Σώκρατες,
763 3557 802 3640 τῇ
825 3546 968 3640 ἀληθείᾳ
990 3558 1143 3636 μέγιστον
1165 3545 1292 3634 ἀγαθὸν

171 3681 227 3745 καὶ
256 3679 360 3746 αἴτιον
387 3673 456 3763 ἅμα
479 3680 541 3764 μὲν
565 3677 757 3763 ἐλευθερίας
779 3670 889 3750 αὐτοῖς
911 3684 978 3749 τοῖς
1001 3669 1201 3762 ἀνθρώποις,
1223 3669 1291 3760 ἅμα

173 3804 209 3871 δὲ
231 3809 291 3869 τοῦ
313 3803 420 3870 ἄλλων
443 3802 557 3892 ἄρχεῖν
580 3801 615 3868 ἐν
637 3807 678 3890 τῇ
702 3794 804 3866 αὑτοῦ
830 3801 928 3866 πόλει
950 3799 1082 3888 ἑκάστῳ.

220 3929 345 3994 Rursus
369 3931 542 4013 quaerente
566 3926 716 4024 Socrate:
745 3934 789 3994 Τί
808 3912 867 3992 οἶν
890 3921 924 3991 ἆτ’
950 3930 1048 3990 τοῦτο
1072 3925 1191 4007 terem
1210 3922 1293 3989 idem

173 4125 336 4147 s..........
348 4121 351 4126 .

212 4264 242 4422 ll
258 4265 299 4410 g:
317 4263 363 4408 ili.
381 4263 507 4408 {ilfi-29·
526 4353 573 4408 etr.
593 4352 614 4407 1.
632 4353 693 4408 103.
706 4377 740 4390 -
758 4349 840 4422 Gorg·
857 4348 888 4405 P.
909 4350 960 4404 447
980 4347 1009 4406 C.
1028 4376 1063 4386 -
1081 4346 1122 4404 De
1139 4345 1197 4403 Fiu.
1217 4345 1250 4402 li.
1270 4347 1294 4400 t.

213 4442 412 4518 quma
