3406 5496
680 626 724 694 49

129 811 245 930 'genus
267 843 311 922 id,
332 831 419 929 'quod
443 842 576 929 quisque
601 846 740 908 vestrum
759 842 792 906 in
816 840 948 908 dicendo
963 841 1124 926 probaret,
1143 845 1262 914 adhae-

141 973 315 1046 rescerent,
339 969 371 1032 id
392 990 472 1033 ame
485 990 586 1054 genus
597 967 733 1052 exprimi
743 968 914 1046 sentiretis,
933 966 1019 1051 quod
1032 971 1168 1037 maxime
1180 971 1261 1038 mihi

137 1091 205 1175 ipsi
227 1092 448 1174 probaretur.''

189 1214 309 1290 Quibus
329 1215 496 1292 absolutis,
518 1216 581 1300 jam
602 1218 640 1281 de
651 1217 830 1282 elocutione
849 1238 945 1303 agere
957 1216 1113 1282 instituit:
1139 1218 1173 1282 in
1196 1243 1262 1305 qua
1333 1301 1334 1304 Ἴ

139 1340 359 1427 nullum-esse
383 1339 506 1403 dicendi
536 1339 662 1403 modum
690 1339 865 1418 meliorem,
886 1361 1004 1423 »quam
1028 1345 1064 1405 ut
1089 1340 1212 1422 Latine,
1224 1348 1262 1408 ut

138 1464 250 1549 plane,
273 1467 310 1526 ut
334 1471 458 1539 ornate,
482 1467 519 1527 ut
545 1464 584 1527 ad
607 1464 655 1542 id,
680 1464 902 1548 quodcumque
926 1467 1058 1550 agetur,
1085 1469 1162 1550 apte
1185 1489 1262 1533 con·

140 1593 360 1673 gruenterque
376 1587 533 1652 dicatur.”
558 1587 631 1651 Duo
650 1589 757 1672 priora
770 1588 879 1672 paucis
897 1588 1050 1666 absolvit;
1072 1588 1136 1668 sed,
1149 1590 1203 1656 ubi
1223 1591 1263 1656 ad

142 1714 220 1795 apte
236 1721 410 1794 ornateque
422 1710 543 1774 dicendi
556 1711 733 1776 doctrinam
741 1713 902 1796 pervenit,
913 1711 1012 1777 latius
1024 1735 1137 1779 rursus
1148 1736 1264 1802 evaga-

141 1841 199 1898 tur
214 1835 328 1898 oratic.
352 1834 523 1912 RhetoreS,
547 1835 602 1919 qui
625 1835 759 1900 scientia
781 1836 868 1900 omni
893 1841 1034 1916 careant,
1061 1838 1150 1903 nullo
1170 1841 1264 1904 modo

143 1963 310 2024 oratorum
335 1960 397 2022 vim
421 1959 486 2022 suis
509 1959 686 2043 praeceptis
709 1980 776 2024 esse
800 1959 1002 2045 complexos3
1040 1967 1151 2028 ornate
1179 1951 1264 2030 enim

144 2084 249 2148 dicere
273 2084 430 2148 neminem
454 2105 568 2167 posse,
603 2082 664 2146 nisi
693 2083 777 2148 dicat
815 2083 1016 2150 >illuminate
1047 2089 1079 2150 et
1106 2087 1201 2152 rebus
1233 2092 1266 2153 et

143 2206 290 2281 verbis;''
327 2211 363 2271 ut
399 2229 471 2271 vero
496 2209 572 2290 apta
595 2205 638 2271 sit
660 2207 773 2285 oratio,
797 2208 843 2272 ita
871 2200 1095 2276 moderandam
1119 2233 1196 2290 esse,
1229 2216 1265 2276 ut

140 2353 260 2408 rerum,
286 2335 323 2394 ut
346 2353 552 2414 personarum
583 2329 756 2416 dignitates
784 2332 900 2397 ferant.
935 2332 1040 2408 Quare
1063 2334 1265 2419 eloquentiae

137 2457 205 2521 vim
235 2479 326 2522 »eam
350 2478 418 2520 esse
441 2478 522 2539 quae
545 2454 711 2520 scientiam
735 2455 901 2541 complexa
928 2479 1035 2524 rerum
1058 2481 1150 2524 sensa
1174 2482 1264 2525 men·

134 2581 180 2645 tis
204 2585 237 2645 et
260 2580 392 2645 consilia
415 2581 460 2644 sic
485 2580 590 2646 verbis
614 2579 760 2665 explicet,
784 2586 821 2646 ut
845 2605 910 2662 eos,
935 2583 990 2668 qui
1014 2583 1160 2664 audiunt,
1184 2607 1264 2669 quo-

133 2728 274 2790 cumque
294 2705 499 2782 incubuerit,
523 2705 626 2788 possit
652 2705 848 2790 impellere''.

182 2830 364 2895 Dolendum
386 2830 498 2916 igitur,
523 2851 597 2894 cum
619 2833 744 2894 veteres
774 2832 938 2916 cogitandi
968 2833 1263 2918 pronuntiandique

140 2955 302 3020 rationem
336 2961 369 3021 et
393 2955 457 3020 vim
503 2953 628 3019 dicendi
673 2955 864 3038 sapientiam
904 2958 1128 3037 nominarent,
1167 2963 1264 3043 atque

139 3078 238 3143 iidem
264 3101 411 3144 »omnem
444 3079 587 3142 omnium
620 3099 748 3167 rerum,
779 3101 860 3162 quae
884 3082 924 3145 ad
951 3104 1054 3146 mores
1085 3081 1263 3161 hominum,

140 3225 225 3289 quae
260 3203 299 3267 ad
324 3204 435 3281 vitam,
460 3225 541 3287 quae
564 3202 604 3266 ad
634 3225 701 3267 rem
724 3202 885 3287 publicam
907 3206 1126 3289 pertinerent,
1150 3210 1262 3294 cogni·

140 3328 265 3392 tionem
300 3332 333 3391 et
366 3327 531 3393 scientiam
568 3349 641 3392 cum
672 3327 794 3393 dicendi
829 3332 954 3396 ratione
989 3331 1187 3418 jungerent”
1220 3371 1261 3383 -

139 3457 217 3536 post
240 3450 402 3516 Socratem
427 3451 617 3539 »discidium
634 3451 714 3515 illud
734 3453 893 3520 exstitisse
913 3457 1005 3539 quasi
1018 3457 1148 3543 linguae
1165 3463 1262 3542 atque

139 3577 257 3652 cordis,
285 3575 458 3640 absurdum
482 3598 558 3641 sane
581 3580 613 3640 et
636 3577 751 3642 inutile
774 3581 806 3642 et
830 3580 1134 3663 reprehendendum,
1157 3583 1262 3649 utalii

139 3721 202 3764 nos
225 3721 354 3783 sapere,
376 3698 433 3763 alii
456 3698 558 3764 dicere
581 3701 762 3766 docerent.''
799 3704 959 3769 Socratem
984 3706 1067 3770 enim
1095 3728 1262 3774 commune

139 3824 393 3909 (philosophiae)
428 3846 542 3889 nomen
574 3826 751 3909 eripuisse,
785 3827 1009 3912 sapienterque
1044 3830 1201 3896 sentiendi
1229 3835 1262 3896 et

139 3952 257 4015 ornate
281 3948 404 4013 dicendi
427 3950 586 4026 scientias,
612 3972 644 4014 re
668 3951 875 4017 cohaerentes
899 3952 1172 4036 disputationibus
1195 3954 1260 4019 suis

138 4096 327 4158 separasse3
369 4074 437 4157 ejus
471 4079 579 4138 autem
602 4076 794 4140 sententiam
818 4077 1028 4160 permansisse
1048 4077 1082 4141 in
1113 4078 1261 4146 omnihus

136 4197 406 4285 philosophorum
428 4196 581 4275 familiia,
605 4220 686 4281 quae
711 4205 816 4265 essent
840 4200 880 4266 ab
906 4201 976 4284 ipso
1000 4206 1111 4277 ortae;
1135 4224 1173 4266 ex
1196 4225 1260 4286 quo

136 4324 264 4388 factum
298 4345 386 4400 esse,
422 4327 457 4387 ut
476 4323 544 4407 jam
568 4325 780 4389 communiter
803 4324 912 4390 diserti
936 4348 954 4389 a
977 4326 1078 4392 doctis
1112 4326 1260 4393 dissocia-

136 4452 275 4527 rentur,
319 4452 356 4513 ut
394 4446 579 4533 philosophi
619 4448 835 4534 eloquentiam
877 4448 1076 4536 despicerent
1115 4455 1259 4518 oratores

1153 4565 1170 4620 4
