3406 5496
980 641 1026 709 26

443 850 546 936 primo
571 854 635 920 fuit
657 853 774 933 catali,
797 855 934 936 huculli,
958 857 1134 937 Hortensii,
1152 858 1191 923 ad
1207 857 1386 924 Varronem
1402 855 1476 920 dein
1487 857 1560 920 tota

443 981 492 1041 est
513 979 660 1044 traducta
681 978 725 1065 1);
757 984 790 1062 et
812 982 888 1065 quia
921 983 1127 1048 vehementer
1159 982 1212 1048 hio
1245 982 1395 1066 cupiebat
1425 982 1459 1046 in
1490 981 1556 1046 dia·

442 1101 534 1187 logos
557 1102 719 1169 Ciceronis
742 1106 873 1183 includi,
897 1113 930 1172 et
953 1107 1038 1190 quod
1058 1129 1095 1172 ea
1118 1129 1200 1192 quae
1231 1107 1410 1193 agebantur
1436 1107 1469 1170 iu
1485 1127 1559 1189 per-

443 1248 537 1292 sonas
570 1225 643 1293 illas
666 1230 787 1313 priores
813 1231 1074 1296 concedebant:
1104 1235 1218 1296 »eraut
1247 1229 1331 1295 euim
1362 1229 1555 1314 loyraairapr

443 1373 541 1435 quam
564 1357 601 1417 ut
624 1353 672 1418 illi
695 1354 733 1418 de
755 1353 820 1418 illis
843 1355 1017 1420 somniasse
1041 1377 1191 1439 umquam
1215 1355 1409 1420 viderentur.
1430 1354 1460 1438 ²)

487 1475 601 1560 Neque
625 1477 682 1542 abs
695 1499 729 1542 re
752 1478 879 1542 ridetur
902 1479 963 1544 hoc
986 1477 1106 1544 lcooea
1124 1479 1248 1555 addere,
1267 1479 1398 1562 quaein
1423 1477 1557 1562 epistola

443 1601 570 1684 scripsit
590 1601 629 1665 ad
643 1601 832 1679 Varronem,
844 1625 915 1666 cum
928 1603 976 1667 illi
988 1601 1179 1668 Academica
1191 1625 1248 1669 sua
1261 1603 1425 1667 mittebat:
1452 1601 1556 1679 »Feci

442 1724 557 1809 inquit,
573 1746 749 1790 sermonem
762 1727 917 1791 internos
934 1727 1081 1792 habitum
1099 1729 1131 1792 in
1144 1727 1287 1793 Cumano
1304 1732 1474 1792 comesset
1494 1749 1557 1791 nna

443 1849 647 1933 Pomponius.
672 1849 744 1914 Tibi
767 1850 839 1914 dedi
860 1854 967 1933 parles
989 1848 1210 1926 Antiochinas,
1235 1871 1315 1935 quas
1338 1854 1408 1914 ate
1431 1849 1556 1932 probari

442 1972 637 2037 intellexisse
661 1973 741 2038 mihi
765 1974 908 2051 videbar,
933 1973 1012 2038 mihi
1040 1975 1159 2058 sumpsi
1188 1972 1342 2038 Philonis.
1376 1971 1460 2038 Puto
1489 1975 1557 2038 iore

443 2101 489 2174 ut,
513 2119 585 2161 cum
610 2098 737 2183 legeris,
760 2099 875 2163 mirere
897 2121 955 2164 nos
978 2099 1011 2162 id
1033 2099 1156 2163 locutos
1181 2120 1248 2163 esse
1267 2099 1354 2163 inter
1380 2118 1450 2173 nos,
1473 2095 1557 2181 quod

443 2243 616 2305 numquam
642 2220 742 2286 locuti
764 2243 890 2286 sumus:
922 2223 977 2286 sed
1007 2222 1093 2286 nosti
1124 2244 1245 2287 morem
1275 2219 1509 2307 dialogorum'‘.
1530 2219 1558 2307 3)
1684 2255 1685 2258 ¹

444 2345 548 2411 lmmo
572 2366 647 2411 vero
669 2346 834 2421 novimus3
866 2350 898 2410 et
919 2346 1003 2430 quod
1026 2345 1154 2410 Platoni
1177 2367 1287 2410 omnes
1310 2345 1487 2410 concedunt
1509 2346 1558 2410 la·
1684 2345 1685 2350 ’

445 2469 506 2536 eila
529 2469 626 2534 etiam
650 2469 796 2536 Ciceroni
819 2469 985 2555 largimur.

489 2595 539 2658 Ex
561 2592 626 2657 illis
648 2615 730 2677 quae
751 2593 919 2657 attulimus
937 2593 1015 2658 satis
1031 2596 1177 2677 apparet,
1189 2592 1373 2658 Ciceronem
1390 2597 1447 2658 aut
1463 2594 1557 2658 bene·

445 2717 619 2781 volentiam
642 2717 856 2803 singularem,
887 2722 945 2783 aut
974 2717 1139 2804 cognitum
1163 2739 1371 2803 personarum
1393 2718 1557 2803 ingenium

444 2847 609 2927 tamquam
634 2865 777 2908 normam
801 2841 984 2906 adhibuisse
1007 2842 1040 2905 in
1064 2840 1225 2926 elegendis
1247 2841 1308 2917 iis,
1333 2862 1413 2925 quos
1435 2840 1469 2903 iu
1493 2840 1558 2904 suis

445 2966 581 3052 dialogis
610 2967 809 3050 disputantes
830 2967 959 3030 faceret.
993 2965 1133 3032 Volebat
1159 2987 1321 3030 sermones
1348 2988 1423 3031 suos
1446 2965 1558 3029 haberi
1683 3043 1684 3058 ,

445 3091 485 3155 ab
508 3092 558 3166 iis,
581 3091 647 3176 qui,
671 3091 698 3155 si
722 3113 775 3156 eos
798 3113 908 3174 reapse
931 3111 1106 3175 numquam
1129 3089 1329 3166 habuissent,
1349 3093 1457 3154 tamen
1478 3087 1558 3153 tales
1683 3083 1684 3088 ’

444 3219 550 3280 essent
573 3220 609 3281 ut
631 3238 685 3280 eos
707 3216 824 3280 habere
847 3214 1035 3299 potuissent.
1060 3213 1259 3297 Quamquam
1276 3214 1411 3278 uehane
1430 3213 1558 3297 quidem

445 3339 511 3402 veri
538 3338 778 3402 similitudinem
807 3337 993 3424 diligentius
1016 3337 1164 3421 persequi
1187 3337 1332 3402 solebat:
1360 3337 1414 3402 sed
1442 3336 1476 3401 in
1498 3336 1559 3400 hac

444 3483 571 3546 quoque
594 3484 637 3540 re,
659 3463 741 3527 sicut
764 3463 795 3526 in
821 3462 930 3526 multis
947 3461 1028 3537 aliis,
1046 3482 1140 3544 saepe
1151 3461 1298 3526 imitatus
1314 3465 1362 3526 est
1378 3461 1556 3536 Platonem,

445 3586 500 3671 qui
534 3608 617 3669 quae
651 3590 708 3650 aut
739 3587 978 3671 excogitaverat
999 3585 1068 3668 ipse
1099 3588 1156 3649 aut
1190 3584 1446 3670 aPythagoreis
1471 3605 1559 3647 aece-

443 3715 536 3794 perut
566 3711 599 3775 in
631 3710 794 3776 Socratem
822 3709 1052 3774 transferebat:
1084 3706 1238 3791 altaque,
1261 3711 1298 3771 ut
1321 3706 1369 3770 ait
1392 3704 1503 3770 Cicero
1525 3706 1559 3768 iu

444 3833 491 3898 Re
515 3833 654 3918 publica,
677 3855 749 3898 eum
773 3833 932 3899 Socratem
956 3833 1046 3897 unice
1069 3830 1233 3895 dilexisset
1252 3831 1344 3915 eique
1367 3830 1475 3895 omnia
1499 3829 1558 3893 tri·

446 3959 541 4024 buere
559 3958 723 4035 voluisset,
742 3957 883 4042 leporem
904 3957 1101 4023 Socraticum
1113 3953 1390 4038 subtilitatemque
1403 3951 1558 4018 sermonis
1682 4019 1683 4022 ,

480 4297 509 4359 1)
526 4295 570 4349 Ad
587 4293 640 4348 att.
659 4296 677 4349 1.
697 4293 766 4347 ΧΙΙΙ.
788 4295 829 4348 16.

481 4382 507 4448 2)
526 4383 593 4438 lbid.
611 4384 629 4437 l.
648 4382 717 4437 xlu.
734 4385 776 4437 19.

480 4472 508 4541 3)
527 4472 569 4528 Ad
587 4473 650 4528 fam.
669 4471 715 4526 lX.
734 4474 758 4532 8.
