3406 5496
684 1737 714 1814 I.

315 2010 435 2098 QUID
463 2009 558 2084 SIBI
584 2007 855 2082 PROPOSUIT
882 2006 1085 2080 Oldenoi

623 2256 782 2264 -ι--ι--υ-

188 2485 384 2572 Pervulgata
399 2485 466 2568 jam
486 2487 534 2548 est
554 2483 662 2568 opinio
678 2481 862 2548 Ciceronem
879 2480 962 2546 nihil
979 2501 1118 2566 unquam
1134 2482 1264 2567 quaesi-

146 2611 228 2676 visse
252 2609 313 2673 nisi
337 2607 507 2693 gloriolam
536 2629 635 2671 suam.
665 2605 747 2670 Sunt
774 2605 859 2670 enim
890 2604 983 2669 hodie
1010 2605 1105 2670 multi
1134 2600 1264 2672 omnino

146 2732 439 2817 Cicero-mastigam
463 2731 519 2814 qui
538 2731 643 2796 nescio
664 2753 728 2814 quo
748 2729 846 2794 animi
863 2733 954 2792 motu
973 2731 1098 2816 abrepti
1122 2732 1264 2815 praecla-

148 2859 276 2923 rissimo
307 2857 525 2922 Romanorum
561 2857 682 2921 oratori
707 2855 759 2921 vix
781 2855 952 2939 quiequam
982 2877 1064 2920 verae
1087 2855 1190 2921 laudis
1214 2878 1265 2920 re·
1328 2932 1330 2936 ,

146 2983 291 3066 linquere
320 2981 431 3046 velint.
461 2980 667 3064 Reipublicae
691 2981 846 3066 gerendae
869 2979 1144 3064 imperitissimum
1171 2980 1265 3045 illum

148 3107 361 3191 proclamant,
384 3106 417 3169 in
441 3105 543 3170 causis
558 3105 690 3191 agendis
713 3105 887 3188 aequitatis
910 3104 1118 3188 veritatisque
1138 3105 1270 3188 penitus·

147 3230 316 3316 ignarum3
345 3228 501 3312 quidquid
524 3227 690 3314 cogitavit,
715 3228 805 3306 dixit,
828 3228 915 3306 fecit,
938 3228 978 3292 ad
1002 3251 1099 3293 unam
1122 3229 1191 3313 ejus
1215 3229 1265 3294 in·

148 3354 339 3438 explebilem
355 3351 459 3418 laudis
471 3352 678 3437 cupiditatem
694 3353 850 3428 referunt3
867 3353 965 3417 immo
983 3352 1034 3417 vel
1045 3353 1147 3438 ipsam
1164 3353 1264 3438 scrip·

149 3479 230 3543 toris
243 3477 379 3564 gloriam
394 3477 505 3542 multis
517 3476 619 3541 modis
638 3477 786 3540 arrodere
802 3482 835 3541 et
847 3476 971 3541 elevare
983 3483 1150 3543 conantur.
1166 3478 1265 3544 Velut

149 3602 340 3686 paucissima
367 3604 443 3665 sunt
476 3599 509 3664 in
544 3599 713 3678 Glemona,
740 3623 822 3684 quae
852 3600 994 3665 Martino
1017 3601 1194 3680 Subando,
1228 3606 1266 3667 ut

150 3727 254 3792 virum
280 3727 410 3819 doctum
433 3748 497 3790 non
530 3725 659 3789 infimae
688 3729 784 3790 notae
812 3726 984 3808 proferam,
1010 3727 1187 3811 probentur
1210 3731 1267 3791 aut

150 3850 201 3916 vel
225 3850 357 3914 minima
380 3849 473 3913 laude
496 3849 594 3935 digna
617 3849 798 3914 videantur:
825 3850 939 3915 merita
957 3850 1064 3914 omnia
1079 3851 1112 3914 iu
1135 3850 1267 3915 dubium

151 3979 359 4050 revocantum
383 3974 555 4052 renitentia,
578 3974 821 4053 ostentationiS‚
845 3975 1010 4062 ignaviae,
1033 3975 1268 4040 inconstantiae

151 4104 307 4186 perpetua
334 4103 383 4165 est
409 4099 579 4167 incusatio.
606 4098 635 4187 ¹)
667 4098 822 4184 Equidem
850 4121 915 4164 non
942 4099 1036 4166 facile
1064 4100 1203 4166 adducar
1232 4101 1269 4164 ut

152 4317 312 4326 ——--—-—-

189 4440 216 4509 l)
243 4437 298 4495 cn.
318 4437 414 4496 Geech.
434 4440 460 4495 d.
479 4435 555 4495 Rom.
574 4435 626 4496 Lit.
645 4456 707 4511 pag.
726 4440 779 4493 195
798 4439 825 4493 ff.
844 4440 873 4494 in
894 4437 940 4494 lu.
958 4457 984 4494 v.
1003 4435 1100 4494 ldtlller
1119 4435 1224 4496 Handb.
1244 4435 1269 4496 d.

152 4529 191 4586 lrl.
210 4530 358 4588 Alterthm.
