3432 5498
973 655 1016 733 tt

436 871 530 951 oridia
553 883 606 950 δεῖ
620 871 720 950 adedo
743 879 863 948 εἰδέναι
886 876 975 956 ὅπως
997 879 1074 964 ixei,
1090 869 1241 972 μηχανὴν
1259 879 1297 950 δέ
1312 901 1386 950 τινα
1409 881 1560 959 πειθοῦς

435 1001 605 1097 εὑρηκέναι
612 1057 621 1086 ,
650 1002 733 1074 ὥστε
763 1011 943 1093 φαίνεσθαι
974 1015 1042 1082 τοῖς
1070 1001 1129 1073 οὐκ
1157 1005 1258 1074 εἰδόσι
1280 1009 1408 1092 μᾶλλον
1431 1008 1560 1076 εἰδέναι

433 1138 498 1198 τῶν
521 1132 661 1199 εἰδότων.
682 1131 710 1219 ¹)
744 1130 875 1196 Crassus
903 1134 1015 1197 contra
1042 1154 1243 1217 nequaquam
1271 1129 1431 1198 consentit
1457 1131 1557 1198 Scae-

433 1256 526 1321 volae
546 1257 664 1322 similia
687 1255 824 1342 benigne
840 1256 1036 1322 concedenti.
1058 1255 1164 1322 »Satis
1180 1255 1273 1321 idest
1284 1278 1450 1343 magnum,
1465 1257 1562 1341 quod-

433 1383 523 1464 potes
547 1383 726 1464 praestare:
751 1383 788 1443 ut
809 1378 843 1443 in
852 1379 983 1462 judiciis
994 1401 1032 1444 ea
1048 1401 1154 1458 causa,
1169 1385 1450 1466 quamcumquetu
1463 1381 1556 1460 dicis,

432 1503 546 1568 melior
569 1509 601 1568 et
624 1502 820 1588 probabilior
843 1525 910 1569 esse
932 1504 1093 1581 videatur3
1116 1507 1154 1569 ut
1176 1504 1210 1568 in
1233 1504 1438 1569 contionibus
1461 1508 1494 1571 et
1515 1504 1554 1570 iu

432 1628 600 1694 sententiis
633 1626 773 1693 dicendis
809 1627 849 1692 ad
878 1628 1132 1713 persuadendum
1159 1631 1216 1692 tua
1246 1627 1422 1712 plurimum
1445 1626 1555 1693 valeat

433 1751 555 1827 oratio;
579 1751 716 1836 denique
741 1756 776 1816 ut
799 1752 1009 1836 prudentibus
1032 1753 1159 1830 diserte,
1179 1751 1288 1816 stultis
1312 1751 1556 1817 etiamverevi-

432 1875 535 1940 deeris
559 1875 695 1940 dicere.'’
718 1873 779 1940 Sed
801 1875 886 1960 quod
910 1875 1031 1940 oratori
1054 1875 1230 1953 tribuerat,
1254 1875 1354 1940 eidem
1376 1875 1424 1941 ita
1447 1874 1555 1940 viudi-

432 2003 494 2076 cat,
519 2003 556 2064 ut
580 2021 687 2064 rerum
707 1999 873 2065 scientiam
891 2021 987 2085 quam
998 1998 1229 2084 amplissimam
1241 1998 1361 2062 oratori
1377 1998 1554 2084 adjungat:

432 2123 487 2207 qui
512 2123 539 2226 si
562 2145 626 2188 non
651 2123 840 2208 omniaper
863 2145 896 2188 se
920 2121 1162 2206 complectatur,
1179 2121 1556 2208 cognoscatsaltemeab

431 2246 471 2311 iis
494 2247 550 2330 qui
574 2250 707 2324 tenent,
729 2268 812 2330 quae
834 2252 910 2311 sunt
933 2247 966 2311 in
989 2269 1117 2330 quaque
1139 2246 1206 2312 re.''
1236 2245 1321 2312 Nam
1344 2245 1552 2311 vehementer

431 2370 543 2435 haeret
573 2371 606 2435 in
630 2392 682 2436 eo:
717 2371 840 2436 dicendi
872 2372 1027 2436 virtutem
1054 2371 1117 2435 nisi
1139 2370 1189 2450 ei,
1213 2370 1270 2456 qui
1292 2369 1393 2449 dicit,
1416 2392 1476 2448 ea,
1512 2371 1552 2435 de

434 2495 551 2578 quibus
575 2495 662 2574 dicit,
675 2499 825 2580 percepta
837 2496 913 2573 sint,
928 2497 1038 2559 extare
1055 2516 1121 2559 non
1137 2515 1241 2580 posse.
1253 2533 1287 2543 -
1309 2493 1436 2579 Atque:
1454 2494 1560 2560 »Ora-

431 2619 490 2696 tio,
513 2619 630 2703 inquit,
646 2620 673 2683 si
698 2641 748 2684 res
771 2642 835 2685 non
859 2619 968 2684 subest
990 2618 1031 2682 ab
1054 2621 1182 2684 oratore
1205 2617 1555 2705 perceptaetcognita,

431 2745 489 2807 aut
511 2742 602 2807 nulla
624 2743 667 2808 sit
690 2765 818 2808 necesse
842 2747 890 2808 est
914 2746 970 2808 aut
994 2743 1137 2806 omnium
1164 2741 1311 2808 irrisione
1342 2740 1505 2807 ludatur.''
1526 2742 1555 2828 ²)

478 2864 603 2949 ltaque,
620 2888 701 2950 quae
714 2889 810 2931 causa
819 2867 888 2951 jam
904 2888 923 2930 a
935 2864 1057 2951 Gorgia
1070 2865 1222 2931 sustineri
1238 2887 1301 2930 non
1314 2865 1432 2952 potuit,
1445 2865 1555 2931 eadem

431 3012 451 3055 a
474 2989 587 3055 Crasso
604 2990 754 3076 perfacile
767 2990 941 3055 obtinetur.
966 2990 1151 3076 Negarerat
1163 2989 1283 3075 quippe
1295 2989 1554 3076 Gorgiasrerum

431 3113 648 3200 cognitionem
671 3115 791 3179 oratori
815 3137 882 3179 esse
906 3113 1127 3180 necessariam.
1154 3112 1275 3178 Verum
1296 3135 1369 3178 cum
1386 3113 1459 3178 dein
1477 3135 1553 3178 con-

433 3238 556 3303 veniret
578 3237 741 3304 Socratem
765 3239 850 3303 inter
874 3243 906 3303 et
926 3235 1093 3324 Gorgiam,
1116 3238 1240 3323 justum
1264 3243 1297 3303 et
1320 3261 1457 3324 aequum
1483 3259 1551 3303 esse

432 3383 526 3439 eum,
573 3363 629 3445 qui
664 3363 740 3446 quid
775 3363 968 3442 honestum,
999 3363 1076 3447 quid
1112 3366 1221 3448 turpe,
1244 3362 1321 3446 quid
1341 3363 1467 3446 justum
1500 3363 1552 3427 in·

427 3484 592 3568 justumve
615 3489 711 3563 esset,
736 3487 956 3572 cognovissem
980 3487 1035 3570 qui
1056 3509 1133 3552 vero
1158 3509 1196 3552 ea
1219 3487 1399 3566 didicisset,
1430 3487 1552 3571 injuste

430 3629 527 3693 agere
550 3631 613 3673 non
638 3632 749 3693 posse:
780 3633 820 3675 ne
850 3616 958 3676 tamen
987 3611 1170 3696 eloquentia
1194 3609 1281 3675 omni
1304 3609 1473 3675 honestate
1496 3631 1550 3674 ca·

429 3752 500 3794 rere
524 3731 701 3810 videretur,
736 3733 872 3820 Gorgias
900 3756 1011 3798 rursus
1034 3734 1136 3799 eidem
1160 3735 1243 3800 hanc
1266 3735 1414 3819 justitiae
1437 3735 1550 3821 cogni·

429 3856 549 3922 tionem
568 3857 714 3921 asseruit.
740 3856 844 3932 Quare
860 3858 928 3942 jam
942 3881 960 3922 a
972 3857 1102 3924 Socrate
1114 3858 1302 3923 manifestae
1313 3857 1549 3923 inconstantiae

429 3979 633 4066 coarguitur3
656 3980 751 4065 idque
774 4003 811 4046 eo
835 3983 955 4069 magis,
980 3983 1066 4068 quod
1088 3981 1198 4067 paullo
1221 3985 1298 4047 ante
1321 3982 1548 4059 concessisset,

427 4103 499 4169 fieri
521 4126 614 4189 posse
636 4110 673 4170 ut
696 4111 805 4172 orator
827 4129 885 4172 sua
904 4113 973 4174 erte
983 4108 1103 4192 injuste
1116 4109 1310 4173 abuteretur.

427 4283 588 4296 ια*

463 4403 490 4473 t)
508 4404 574 4476 Peg.
594 4409 646 4461 459
664 4406 695 4475 B,
714 4406 744 4472 O.
763 4406 855 4464 —De
873 4408 918 4464 Or.
937 4409 957 4466 1.
976 4411 1018 4466 44.

463 4493 489 4568 2)
509 4494 548 4550 De
567 4493 611 4550 Or.
630 4496 650 4550 1.
670 4499 713 4568 48,
733 4500 776 4556 50.
