3406 5496
652 669 745 764 '27

164 907 237 952 cum
260 885 454 952 obscuritate
477 883 682 970 Pythagorae
704 853 831 950 et‘eum
854 884 911 950 illa
933 883 1144 970 plurimarum
1161 885 1280 952 artium

165 1011 327 1098 gravitate
350 1008 544 1076 contexuit.”
568 1007 595 1090 1)
617 1009 669 1074 Sic
688 1010 785 1074 etiam
802 1011 834 1074 in
855 1009 942 1076 hisce
962 1011 1053 1075 libris
1070 1009 1181 1075 Cicero
1201 1011 1280 1075 satis

165 1135 326 1220 significat
349 1157 382 1199 se
405 1133 470 1198 alia
492 1156 598 1220 agere,
611 1155 707 1218 quarn
727 1133 832 1198 Crassi
853 1134 1051 1219 Antoniiquc
1068 1135 1222 1200 sermonis
1243 1133 1282 1198 ad

165 1259 299 1323 verbum
322 1259 451 1324 referre.
475 1258 560 1323 Nam
583 1259 643 1324 etsi
665 1257 855 1342 proclamat:
881 1256 1022 1333 »Quodsi
1045 1259 1116 1343 quis
1132 1259 1204 1336 erit,
1225 1257 1282 1343 qui

165 1381 280 1447 ductus
307 1382 457 1466 opinione
482 1382 572 1468 vulgi
600 1386 657 1446 aut
679 1382 859 1447 Antonium
886 1383 1078 1466 jejuniorem
1106 1385 1163 1447 aut
1186 1380 1282 1447 Cras-

164 1526 235 1569 sum
259 1505 434 1590 plenicrem
457 1505 553 1570 fuisse
575 1510 678 1589 putet,
703 1528 799 1590 quam
822 1505 981 1590 quomodo
1005 1506 1127 1570 anobis
1146 1508 1282 1590 uterque

163 1627 313 1694 inductus
338 1634 407 1708 est,
436 1630 463 1692 is
486 1629 547 1694 erit
574 1651 612 1694 ex
635 1629 674 1693 iis
697 1629 752 1712 qui
775 1632 832 1692 aut
855 1628 928 1692 illos
951 1650 1015 1693 non
1039 1629 1200 1694 audierint
1224 1633 1281 1693 aut

159 1754 304 1838 judicare
330 1776 393 1818 non
416 1753 561 1838 possint''
586 1793 626 1801 -
650 1753 770 1817 fatetur
793 1757 901 1817 tamen
926 1752 1015 1818 »Nos
1032 1752 1127 1829 enim,
1144 1751 1201 1835 qui
1220 1751 1283 1835 ipsi

164 1878 303 1943 sermoni
339 1901 404 1944 non
437 1877 691 1942 interfuissemus
729 1880 761 1941 et
795 1877 910 1961 quibus
945 1874 1041 1941 Cotta
1074 1878 1283 1940 tantummodo

165 2003 244 2068 locos
277 2027 312 2066 oc
344 2003 502 2066 sententiaa
529 2001 625 2083 hujus
659 2000 885 2084 disputationis
920 2000 1120 2075 tradidisset,
1154 2023 1214 2085 quo
1248 2001 1281 2062 in

162 2150 271 2212 periere
300 2131 472 2211 utrumque
495 2128 654 2190 oratorem
677 2145 946 2209 cognoveramus,
981 2125 1014 2188 id
1042 2125 1148 2207 ipsum
1172 2145 1282 2188 sumus

165 2251 199 2315 in
224 2273 333 2316 eorum
356 2273 501 2315 sermone
524 2249 715 2314 adumbrare
737 2249 868 2316 conatl.”
890 2250 916 2331 ²)

209 2375 232 2440 J
233 2398 284 2439 am
304 2375 462 2458 quomodo
478 2375 549 2459 ipsa
560 2373 762 2439 adumbratio
775 2370 919 2438 Ciceroni
932 2373 1110 2458 processit?
1135 2371 1283 2437 Mirabile

166 2502 226 2575 est,
238 2521 334 2582 quam
346 2497 459 2562 multis
471 2498 549 2562 locis
562 2497 668 2562 Crassi
681 2497 776 2562 verba
788 2497 970 2561 notissimas
982 2495 1144 2562 Ciceronis
1152 2497 1281 2572 senien-

166 2620 229 2685 tias
241 2625 339 2704 atque
348 2620 513 2704 opiniones
521 2621 675 2685 referant:
686 2622 797 2706 jocosa
804 2619 1007 2705 reprehensio
1016 2621 1239 2705 philosophiae
1252 2624 1285 2686 et

161 2745 245 2828 juris
262 2745 374 2823 civilis,
387 2767 445 2829 per
456 2765 624 2828 personam
638 2745 781 2824 Antonii,
798 2749 890 2830 quasi
906 2751 1061 2830 perpetuo
1078 2745 1283 2810 Murenianas

167 2868 387 2933 cavillationes
409 2869 442 2932 in
466 2870 650 2934 memoriam
676 2873 823 2945 revocat,
856 2870 952 2934 etiarn
975 2870 1148 2954 disputatio
1172 2871 1210 2935 de
1233 2871 1282 2934 ta·

166 2991 256 3056 cetiis
281 2991 428 3055 »ridiculi
451 2990 618 3056 Consulis’‘
643 2993 768 3058 videtur
790 2993 928 3058 maxime
943 2995 1091 3078 propria;
1113 2998 1210 3079 atque
1233 2992 1284 3059 vel

164 3115 236 3199 ipsa
250 3115 356 3179 Crassi
368 3116 523 3192 educatio,
536 3138 617 3200 quae
629 3120 789 3193 narratur,
803 3116 1001 3182 institutioni
1016 3117 1187 3195 Ciceronis,
1201 3141 1283 3204 quae

164 3239 197 3302 in
222 3238 327 3304 Bruto
349 3239 496 3317 refertur,
520 3244 569 3304 est
591 3239 763 3304 simillima.
789 3239 817 3324 ³)
841 3239 929 3315 Quae
952 3245 1059 3305 autem
1080 3241 1184 3328 magis
1200 3241 1283 3306 serio

165 3363 203 3428 de
230 3363 370 3428 utilitate
398 3364 620 3448 philosophiae
647 3385 685 3428 ac
705 3363 787 3447 juris
817 3365 987 3441 scientiae,
1009 3366 1046 3430 de
1071 3359 1196 3443 ornatu,
1222 3389 1283 3431 nu·

164 3496 253 3551 mero
276 3487 438 3565 oratorio,
474 3487 611 3571 periodis
634 3509 691 3570 per
714 3486 864 3551 Crassum
885 3492 1088 3571 exponuntur
1112 3490 1282 3555 manifesto

163 3615 243 3673 suut
262 3609 420 3674 Tulliana.
445 3609 548 3674 Nemo
571 3611 655 3674 eninr
678 3611 757 3676 hacc
780 3611 888 3676 omnia
905 3612 973 3696 jam
996 3613 1029 3676 in
1049 3612 1163 3678 Crasso
1181 3615 1280 3679 fuisse

162 3735 348 3799 contendet:
384 3756 458 3798 cum
481 3756 584 3818 neque
603 3734 683 3800 talia
699 3734 936 3819 conspiciantur
948 3735 981 3800 in
997 3735 1137 3822 imagine
1149 3738 1278 3824 egregia

161 3879 259 3942 quam
291 3858 431 3941 ejusdem
462 3858 549 3923 inter
588 3857 690 3923 claros
722 3861 865 3923 oratores
898 3857 1008 3923 Cicero
1047 3862 1221 3944 expressit,
1252 3863 1280 3948 ¹⁴)

159 4004 263 4065 neque
284 3983 368 4047 inter
391 3981 542 4066 reliquias
565 3986 729 4047 oratorum
746 3987 889 4046 veterum
905 3982 1076 4066 quicquam
1095 3984 1198 4049 simile
1218 3987 1277 4050 sub

195 4231 223 4297 1)
240 4231 280 4286 De
300 4247 357 4301 rep.
377 4231 395 4286 l.
414 4231 435 4286 Ι.
454 4234 497 4285 16.

195 4318 470 4382 fflffifflfflffi

194 4411 223 4474 3)
240 4408 280 4464 De
298 4407 343 4464 Or.
361 4409 393 4463 ll.
415 4412 456 4462 74.

195 4495 221 4563 4)
240 4495 313 4552 Brut.
332 4501 393 4552 143.
413 4515 470 4580 sqq.
489 4499 550 4552 158.
570 4515 627 4579 sqq.
