3432 5498
994 613 1036 679 58

456 827 603 903 sumus;'’
632 827 658 920 ¹)
676 827 878 915 multumque
889 828 1007 896 ibidem
1031 829 1174 915 disputat
1195 829 1229 894 in
1252 827 1336 895 hanc
1360 827 1573 896 sententiam:

455 952 684 1038 cogitationem
718 955 1085 1040 contemplationemque
1118 976 1225 1020 rerum
1257 959 1391 1020 naturae
1425 976 1572 1019 mancam

455 1075 687 1158 quodammodo
721 1081 819 1161 atque
845 1077 1029 1144 inchoatam
1060 1099 1147 1156 esse,
1175 1079 1203 1143 si
1233 1077 1323 1143 nulla
1353 1078 1437 1143 actio
1460 1099 1573 1142 conse·

454 1201 591 1281 quatur:
615 1200 774 1265 actionem
797 1205 992 1267 autemeam
1011 1204 1044 1267 in
1063 1202 1230 1268 hominum
1249 1200 1423 1266 commodis
1443 1201 1572 1265 tuendis

455 1323 594 1388 maxime
616 1325 717 1399 cerni;
741 1325 825 1390 hanc
847 1326 948 1412 igitur
962 1327 1191 1413 coguitionem,
1214 1347 1297 1409 quoe
1320 1326 1359 1390 ad
1382 1325 1572 1391 societatem

455 1446 582 1531 generis
608 1447 740 1513 humani
768 1450 939 1534 pertineat,
965 1451 1078 1516 ceteris
1109 1450 1364 1534 anteponendam
1391 1471 1470 1514 esse.
1496 1448 1571 1514 Ideo
1684 1453 1685 1456 ’

454 1569 634 1655 deploravit
667 1573 840 1639 absurdum
873 1575 953 1640 illud
976 1575 1144 1640 discidium
1171 1573 1303 1661 linguae
1326 1576 1425 1656 atque
1449 1572 1572 1648 cordis;

453 1691 525 1759 ideo
567 1699 761 1778 conquestus
800 1702 849 1762 est
893 1699 1093 1782 separatione
1144 1699 1285 1784 partium
1331 1695 1571 1781 magnitudines

453 1817 572 1883 artium
610 1840 678 1884 esse
717 1820 905 1886 deminutus.
947 1822 1105 1888 Censebat
1144 1822 1239 1888 enim.
1265 1820 1408 1886 omnium
1450 1819 1570 1884 artium
1685 1889 1686 1912 χ

453 1944 486 2006 et
519 1941 758 2027 disciplinarum
793 1947 965 2011 maximam
993 1968 1061 2012 esse
1094 1945 1308 2030 dignitatem,
1342 1943 1398 2010 ubi
1432 1944 1571 2009 oratoris

453 2065 523 2130 voci
558 2067 785 2134 subserviendo
808 2071 848 2135 ad
873 2070 1038 2136 hominum
1071 2069 1245 2135 utilitatem
1272 2069 1470 2142 conferrem
1503 2067 1570 2133 elo·

455 2191 604 2275 quentiae
624 2193 708 2276 jure,
735 2195 944 2280 amajoribus
967 2217 1035 2261 esse
1058 2194 1092 2259 in
1115 2198 1192 2278 toga
1215 2191 1383 2277 dignitatis
1406 2190 1571 2276 principa-

452 2318 522 2380 tum
546 2317 680 2394 dotum3
703 2341 806 2404 neque
829 2320 999 2404 quicquum
1018 2317 1076 2383 illa
1095 2338 1183 2382 »esse
1200 2313 1427 2400 praestabilius
1444 2313 1496 2379 vel
1513 2314 1570 2378 ad·

454 2439 623 2506 miratione
635 2442 833 2508 audientium
846 2443 897 2509 vel
905 2465 962 2530 spa
972 2440 1186 2527 indigentium
1195 2438 1372 2516 relectum,
1381 2437 1437 2523 qui
1449 2438 1572 2503 defensi

454 2568 561 2629 essent
583 2565 722 2650 gratia.’'
737 2566 763 2652 2)

497 2685 658 2770 Expertus
687 2689 804 2774 quippe
831 2694 976 2769 noverat,
1007 2691 1046 2755 ad
1069 2686 1293 2773 capessendam
1316 2710 1384 2753 rem
1407 2685 1570 2771 publicam

453 2809 534 2874 nihil
558 2815 684 2877 tantum
709 2812 813 2879 valere
836 2820 993 2899 qnantum
1009 2814 1147 2880 oratoris
1162 2811 1317 2887 facultas3
1341 2814 1568 2878 neerectorem

452 2934 498 2998 rei
528 2936 674 3019 publicae
697 2936 826 3002 volebat
852 2939 975 3018 ullum,
1010 2940 1071 3005 nisi
1098 2939 1154 3024 qui
1180 2941 1263 3003 esset
1291 2937 1340 3001 vir
1368 2958 1512 3002 summus
1535 2939 1569 3000 et
1687 2967 1688 2982 ¹

452 3058 674 3140 doctissimus,
698 3062 844 3147 idemque
873 3069 905 3128 et
933 3065 1060 3149 sapiens
1089 3074 1122 3129 et
1142 3064 1249 3148 justus
1272 3064 1305 3127 et
1328 3065 1510 3144 temperans
1536 3065 1569 3126 et

452 3183 614 3269 eloquens,
649 3185 736 3251 Haec
769 3187 854 3252 enim
888 3189 941 3253 »in
969 3188 1084 3254 Politia
1107 3187 1185 3252 sua”
1216 3183 1379 3270 scripsisse
1409 3184 1521 3249 fertur.
1544 3189 1569 3271 8)

451 3308 638 3392 Prospicere
661 3315 768 3375 autem
792 3312 838 3377 rei
860 3313 1006 3397 publicae
1028 3312 1235 3396 omniumque
1255 3309 1371 3376 civium
1398 3308 1513 3388 saluti,
1539 3310 1569 3374 ei

451 3453 575 3516 semper
598 3434 701 3498 visum
725 3440 772 3500 est
794 3437 937 3502 omnium
950 3438 1128 3503 officiorum
1139 3434 1458 3522 praestantissimum.
1481 3433 1570 3500 ›Ne-

451 3579 512 3640 que
529 3557 636 3622 enim''
656 3562 705 3622 est
724 3559 791 3624 ulla
813 3582 874 3637 res,
897 3563 944 3626 eit
967 3585 1039 3628 vere
1062 3561 1119 3627 ille
1141 3561 1318 3637 Romanus,
1342 3559 1396 3624 »in
1413 3581 1477 3644 qne
1492 3581 1570 3642 pro·

449 3680 522 3764 pius
545 3681 584 3745 ad
606 3682 737 3749 deorum
761 3706 877 3751 nomen
899 3687 1002 3753 virtus
1029 3687 1159 3753 accedat
1188 3686 1347 3763 humana,
1371 3706 1467 3769 qnam
1489 3683 1569 3749 civi·

449 3808 534 3872 tates
561 3812 618 3872 aut
645 3809 779 3874 condere
801 3833 900 3876 novas
923 3815 980 3877 ant
1002 3832 1188 3877 conservare
1207 3811 1276 3894 jam
1299 3808 1473 3874 conditas.”
1498 3809 1523 3895 ⁴)

493 3932 576 4008 Quid
599 3935 702 4018 ergo?
726 3932 819 3998 Itane
839 3936 1016 4018 perfectam
1040 3935 1177 4000 oratoris
1205 3933 1344 4018 speeiem
1367 3932 1454 3998 hisce
1477 3931 1570 3997 libris

484 4180 511 4250 1)
529 4181 569 4236 De
588 4180 638 4236 Off.
658 4182 677 4236 1.
697 4184 758 4236 153.
776 4200 833 4252 sqq.

484 4273 510 4332 1)
529 4269 595 4325 lbid.
615 4270 645 4324 ll.
667 4274 709 4325 66.

484 4361 513 4423 3)
531 4359 591 4413 Vid.
611 4361 644 4412 da
663 4359 730 4429 Rep.
750 4362 760 4413 l
787 4359 830 4415 Vl.
850 4364 875 4414 1.
895 4362 948 4425 (ed.
969 4361 1060 4417 Baiter
1077 4367 1104 4417 et
1124 4360 1223 4428 Halm.)

486 4446 512 4516 1)
532 4446 571 4501 De
590 4447 656 4517 Rep.
676 4450 695 4502 1.
715 4448 734 4503 l.
755 4453 797 4504 12.
