3432 5498
715 633 758 708 85

158 866 161 899 ³
218 855 287 934 Quo
306 859 426 942 quanto
451 853 565 920 melius
588 853 730 921 Crassus.
766 853 828 932 Qui
858 875 930 920 cum
959 856 1000 921 ab
1031 856 1124 922 initio
1153 849 1290 922 ¹statuis·

162 985 245 1045 sct:
281 979 394 1046 »Nihil
425 1001 492 1045 esse
515 982 582 1043 tam
607 978 767 1044 furiosum
794 1001 891 1064 quam
921 981 1090 1046 verborum
1120 980 1174 1046 vel
1208 983 1293 1066 opti·

160 1127 297 1170 morum
326 1110 423 1191 atque
446 1105 721 1170 ornatissimorum
745 1103 887 1168 sonitum
910 1105 1059 1182 inanem,
1096 1104 1187 1172 nulla
1217 1106 1293 1170 sub·

160 1228 257 1312 jecta
294 1229 426 1294 scientia
460 1251 518 1293 nec
552 1230 756 1305 sententia:;”
788 1231 990 1314 nequaquam
1026 1251 1102 1293 ose
1137 1229 1293 1307 descivit,

167 1364 255 1429 cum,
279 1352 506 1417 commendatis
525 1353 607 1436 juris
630 1353 784 1419 historiae
808 1355 991 1419 litterarum
1014 1357 1111 1436 atque
1126 1353 1293 1418 universae

166 1474 347 1559 sapientiae
370 1476 493 1554 studiis,
518 1477 693 1543 affirmaret
718 1478 769 1543 vel
793 1479 931 1542 maxime
956 1477 1082 1542 »locum
1107 1478 1145 1543 de
1170 1478 1236 1542 vita
1259 1482 1292 1542 et

168 1598 313 1664 moribus
337 1603 442 1664 totum
471 1623 539 1665 esse
573 1603 715 1667 oratori''
746 1602 999 1687 perdiscendum.
1036 1600 1148 1685 Neque
1185 1600 1291 1666 minus

170 1726 383 1788 consentanee
416 1725 449 1789 in
480 1726 574 1790 tertio
599 1728 682 1792 libro
706 1728 846 1793 defendit
879 1725 1096 1810 eloquentiam
1120 1747 1192 1789 eum
1215 1747 1291 1808 pro·

170 1847 275 1913 bitate
294 1849 492 1934 jungendam
517 1872 583 1915 esse
607 1872 794 1934 summaque
817 1849 1008 1934 prudentia:
1039 1848 1201 1924 »Quarum
1226 1849 1290 1913 vir·

170 1974 279 2036 tutum
303 1973 497 2056 expertibus,
519 1973 637 2058 inquit,
655 1975 683 2038 si
703 1974 828 2039 dicendi
840 1974 965 2058 copiam
978 1973 1213 2049 tradiderimus,
1225 1995 1289 2038 non

170 2116 226 2158 eos
256 2095 383 2179 quidem
408 2101 551 2163 oratores
583 2097 801 2174 effecerimus,
836 2097 890 2161 sed
921 2096 1103 2161 furentibus
1133 2096 1289 2180 quaedam

169 2240 260 2284 arma
281 2220 490 2286 dederimus.'’
526 2221 578 2286 Sic
601 2244 728 2287 ornnem
751 2220 1030 2305 reprehensionem
1058 2219 1160 2306 fugit,
1191 2223 1288 2303 atque

168 2342 254 2428 quod
273 2344 351 2410 satis
370 2345 572 2430 impudenter
595 2343 733 2432 Gorgias
760 2345 822 2410 sibi
843 2348 1023 2431 arrogaret,
1043 2382 1083 2390 —
1118 2343 1160 2409 Εἰ
1177 2344 1287 2436 πάνια

142 2519 146 2526 .
169 2462 324 2556 γἐἰδείης,
335 2449 369 2533 ὦ
379 2472 554 2557 Σώκρατες,
573 2466 623 2536 ὅτι
635 2463 676 2544 ὦς
688 2469 768 2543 ἔπος
781 2469 902 2547 εἰπεῖν,
918 2462 1049 2541 ἁπάσας
1064 2461 1122 2542 τὰς
1134 2467 1288 2552 δυνάμεις

168 2595 372 2679 συλλαβοῦσα
396 2587 538 2683 ὖφάὖτῇ
561 2593 640 2677 ἔχει.
656 2594 681 2679 ¹)
697 2594 833 2660 -idem
857 2595 924 2678 ipse
948 2593 1099 2658 Scaevola
1118 2592 1186 2676 jam
1200 2592 1287 2657 ultro

168 2720 240 2801 post
271 2715 377 2783 Crassi
408 2718 623 2785 defensionem
647 2717 801 2802 concedit.
837 2718 1035 2804 ›Id-ipsum,
1054 2716 1169 2802 inquit,
1201 2717 1286 2799 quod

168 2844 278 2904 contra
302 2863 351 2906 me
374 2839 502 2907 locutus
525 2865 568 2920 es,
593 2841 728 2908 artificio
752 2843 890 2926 quodam
913 2865 945 2908 es
969 2848 1168 2920 consecutus,
1192 2846 1229 2906 ut
1254 2846 1286 2906 et

167 2962 246 3027 mihi
276 2986 358 3048 quae
382 2988 441 3053 ego
463 2966 596 3046 vellem,
628 2990 693 3032 non
724 2991 792 3032 esse
823 2969 958 3034 oratoris
982 2967 1168 3034 concederes
1192 2972 1225 3032 et
1248 2989 1286 3032 ea

166 3086 236 3170 ipsa
258 3089 364 3153 nescio
387 3092 545 3174 quomodo
568 3097 679 3157 rursus
709 3093 914 3177 detorqueres
938 3095 1035 3175 atquc
1059 3087 1179 3155 cratori
1210 3113 1285 3174 pro·

165 3212 235 3294 pria
257 3213 488 3292 traderes.....‘
509 3216 580 3281 Tua
603 3220 710 3282 autem
733 3217 797 3282 fuit
819 3216 922 3292 oratio
946 3216 1015 3300 ejus
1039 3215 1136 3291 modi,
1158 3235 1223 3278 non
1248 3219 1284 3278 ut

165 3336 265 3402 ullam
287 3342 390 3403 artem
413 3339 631 3406 doctrinamve
655 3347 885 3418 contemneres,
904 3341 958 3405 sed
975 3344 1012 3404 ut
1024 3361 1133 3406 omnes
1152 3339 1284 3403 comites

164 3483 201 3526 ao
222 3461 450 3528 ministratices
472 3466 608 3530 oratoris
632 3487 700 3530 esse
724 3464 876 3530 diceres.”

209 3584 422 3664 Ostendimus,
438 3609 537 3671 quam
556 3589 636 3654 bene
650 3589 841 3676 respondeat
855 3587 1024 3654 altercatio
1037 3585 1186 3652 Crassum
1199 3586 1285 3650 inter

164 3713 197 3773 et
219 3709 405 3777 Scaevolam
428 3713 551 3797 primae
570 3713 619 3778 illi
632 3714 853 3799 disputationi,
866 3713 992 3796 quaein
1005 3710 1128 3796 Gorgia
1140 3711 1285 3775 eontine-

164 3835 238 3901 tur.·
251 3833 365 3919 Neque
387 3836 421 3900 in
440 3836 572 3922 reliquis
596 3837 693 3922 hujus
716 3837 838 3924 dialogi
861 3836 1018 3920 partibus,
1044 3834 1192 3918 quamvis
1214 3857 1284 3898 ma-

162 3955 282 4022 ximam
305 3963 430 4042 partem
452 3961 487 4024 in
510 3959 679 4025 subtiliore
702 3960 881 4026 honestatis
903 3958 1134 4044 disceptatione
1153 3980 1283 4024 versen-

164 4082 228 4158 tur,
252 4081 366 4146 desunt
390 4083 462 4161 loci,
486 4085 541 4170 qui
560 4083 722 4150 Ciceronis
734 4083 834 4148 menti
850 4083 1010 4150 obversati
1024 4104 1090 4147 esse
1104 4081 1281 4146 videantur.

164 4201 280 4269 Statim
303 4206 343 4271 ab
366 4206 459 4272 initio
482 4208 616 4273 alterius
640 4207 806 4288 sermonis,
826 4209 897 4275 Poti
916 4215 949 4274 et
965 4207 1118 4286 Socratis,
1137 4214 1282 4271 movetur

165 4375 325 4388 —-

200 4473 228 4540 1)
246 4472 276 4529 r.
296 4477 348 4529 ree
366 4474 397 4529 s.
416 4431 458 4515 -Ν
470 4474 509 4532 oe
528 4475 573 4532 or.
591 4476 612 4532 1.
633 4478 676 4530 rr.
695 4493 735 4548 sq.
