3432 5498
679 1721 748 1795 III.

194 1990 258 2062 ΒΕ
286 1988 528 2063 FONTIBUS
556 1988 616 2061 ΕΤ
642 1988 1029 2064 EXEMPLARIBUS
1056 1989 1234 2064 HORUll

268 2131 526 2205 LIBRORUM
553 2130 778 2218 QUAEDAM
805 2131 1162 2206 ANNOTANTUR.

636 2378 796 2388 ——

201 2603 381 2690 Inquirenti
404 2604 442 2669 de
465 2603 659 2683 auctoribus,
683 2626 764 2688 quos
787 2604 849 2670 sibi
872 2573 1147 2690 scriptoraliquis
1164 2605 1198 2671 in
1211 2607 1276 2672 suis
1353 2623 1356 2629 '

155 2729 247 2795 libris
270 2728 496 2813 componendis
518 2727 609 2794 velut
632 2727 779 2812 exemplu
794 2728 835 2793 ud
850 2728 1041 2795 imitandum
1062 2731 1275 2815 proposuerit,

155 2851 241 2918 nihil
263 2858 332 2917 tam
353 2851 448 2918 facila
470 2855 530 2930 est,
552 2874 649 2936 quam
672 2851 808 2939 longum
819 2851 964 2918 locorum
978 2854 1276 2942 sententiarumque

156 2976 294 3041 indicam
317 2979 494 3055 contexere,
518 2997 600 3060 quae
622 2975 689 3040 sint
704 2976 851 3061 pluribus
862 2976 1073 3061 scriptoribus
1085 2979 1276 3044 communia.

158 3099 263 3165 Nemo
286 3100 372 3165 enim
394 3100 488 3184 plura
512 3099 674 3165 variorum
696 3100 888 3184 scriptorum
904 3121 1011 3186 opera,
1027 3103 1155 3187 quaein
1167 3103 1277 3169 eadem

158 3227 296 3293 similive
319 3225 455 3289 materia
476 3225 655 3303 versantur,
678 3224 820 3290 studiose
841 3225 927 3290 inter
949 3248 983 3290 se
1001 3226 1186 3308 contulerit,
1198 3228 1277 3312 quin

160 3350 340 3417 mirabilem
362 3349 538 3435 quandum,
562 3348 629 3414 sive
652 3348 686 3412 in
710 3350 899 3428 sententiis,
922 3350 989 3416 sive
1012 3351 1046 3417 in
1080 3351 1173 3419 iactis
1196 3374 1278 3438 quae

159 3478 356 3552 narrantur,
381 3473 448 3538 sive
473 3473 507 3536 in
531 3471 700 3557 eloquendi
724 3473 818 3538 modo
842 3474 1083 3540 consensionem
1107 3481 1140 3541 et
1162 3497 1279 3541 conve-

160 3599 316 3665 nientiam
339 3598 487 3682 reperiat.
511 3595 557 3662 At
578 3598 710 3682 majoris
733 3599 920 3682 prudentiae
942 3603 992 3664 est
1014 3621 1053 3664 ex
1084 3599 1163 3664 loeis
1190 3599 1280 3664 simi·

160 3725 245 3790 libus
268 3747 348 3809 quos
367 3723 548 3801 notaveris,
569 3725 690 3788 certam
713 3722 873 3806 quandum
895 3722 1088 3808 scriptorum
1112 3723 1279 3810 cognatio-

161 3871 234 3915 nem
258 3848 424 3928 exhilrere3
447 3847 541 3914 facile
564 3845 649 3912 enim
664 3846 834 3932 contingit,
847 3850 885 3910 ut
900 3845 1003 3911 multa
1018 3869 1059 3912 ex
1069 3846 1179 3932 aliquo
1191 3846 1280 3912 fonte

161 3976 306 4041 derivata
328 3979 385 4041 aut
407 3979 520 4040 mutuo
541 3973 627 4037 inter
649 3993 683 4036 se
706 3976 837 4056 accepta
858 3993 926 4037 esse
938 3973 1075 4049 statuas,
1087 3992 1169 4054 quae
1180 3971 1280 4054 scrip-

160 4103 249 4164 tores
271 4098 380 4183 plures
402 4101 459 4163 cut
480 4119 538 4182 per
559 4119 594 4162 se
611 4096 673 4181 ipsi
696 4097 962 4183 excogitaverint,
985 4100 1043 4162 aut
1066 4118 1104 4160 ex
1120 4096 1281 4161 communi

161 4224 313 4309 opinione
335 4221 539 4308 sumpserint.
562 4218 711 4295 Quaeres
723 4243 820 4306 quarn
838 4222 883 4286 sit
905 4237 1031 4306 anceps,
1055 4219 1165 4285 statim
1181 4243 1281 4304 appa-

162 4351 223 4428 ret,
246 4349 274 4413 si
296 4348 421 4414 omissis
443 4347 509 4412 illis
530 4345 752 4430 scriptoribus,
776 4346 832 4430 qui
856 4344 1006 4430 aequales
1031 4344 1178 4429 civesque
1213 4344 1283 4409 fue·

162 4477 251 4558 runt,
273 4478 331 4568 aut
352 4495 433 4564 quos
456 4470 660 4560 aliquomodo
684 4468 854 4554 suspiceris
877 4469 977 4535 alium
1001 4467 1116 4536 exalio
1133 4471 1281 4569 pendere,
