3432 5498
684 593 748 666 109

195 811 302 898 Quid?
314 810 400 901 quod
409 810 552 880 locorum
565 812 663 879 ctiam
675 811 887 879 ulilitatem—
904 831 1001 898 quam
1016 807 1077 878 hac
1086 816 1193 882 aetate
1205 831 1269 882 non

152 940 245 1024 pauci
257 937 318 1004 viri
329 938 416 1004 docti
428 937 528 1003 ullam
541 959 608 1002 esse
624 940 744 1023 negant
757 937 850 1001 -ita
861 936 1028 1022 perspicue
1051 939 1209 1022 exposuit,
1234 944 1270 1006 ut

152 1083 245 1128 nemo
269 1060 387 1127 melius
419 1061 502 1126 »His
524 1061 628 1147 igitur
649 1060 738 1140 locis,
763 1061 880 1145 inquit,
903 1060 938 1124 in
962 1065 1068 1126 mente
1091 1067 1124 1126 et
1147 1065 1270 1149 cogito-

152 1184 239 1249 tione
262 1184 374 1250 defixis
398 1190 431 1251 ct
463 1185 497 1250 in
532 1185 628 1250 omni'
651 1205 686 1250 re
711 1184 752 1250 ad
782 1183 950 1249 dicendum
973 1184 1079 1268 posita
1100 1186 1269 1267 excitatis,

152 1306 234 1373 nihil
257 1308 415 1392 estquod
438 1314 598 1375 oratorem
621 1309 762 1395 effugere
785 1309 896 1394 possit,
909 1330 974 1372 non
998 1307 1093 1373 modo
1116 1309 1149 1373 in
1163 1309 1270 1376 loren-

152 1430 240 1496 sibus
252 1430 610 1515 disceptationibus,sed
621 1432 752 1532 omuino
764 1433 798 1498 in
810 1430 877 1496 ullo
888 1451 1005 1516 genere
1017 1431 1270 1509 dicendi.’'Quae

152 1575 249 1638 quam
280 1576 354 1618 vere
372 1555 518 1621 dicantur
541 1556 624 1641 ipse,
647 1556 681 1620 ni
714 1554 825 1633 fallor,
853 1554 900 1619 rei
931 1577 1005 1618 usus
1029 1555 1131 1623 docet.
1167 1555 1269 1632 Quam

152 1676 237 1742 enim
256 1678 361 1759 juvat,
374 1699 446 1744 curn
470 1678 508 1743 de
531 1678 641 1760 aliqua
664 1700 760 1743 causa
779 1681 837 1743 aut
860 1677 1025 1743 nobiscum
1048 1682 1270 1762 quaerereaut

152 1819 260 1863 coram
281 1798 353 1864 aliis
382 1800 546 1887 disputare
581 1800 743 1879 volumus,
768 1805 870 1866 certas
893 1801 1048 1885 quasdam
1071 1802 1212 1868 rationes
1235 1803 1270 1869 in

152 1925 306 2007 promptu
329 1922 468 2002 habere,
491 1945 530 1988 ex
560 1924 677 2009 quibus
708 1925 800 2008 qnasi
823 1923 968 1989 fontibus
1000 1930 1193 2010 argumenta
1215 1927 1271 1992 de-

153 2064 300 2130 promere
323 2047 489 2131 possimus.
525 2047 644 2112 Totum
672 2049 757 2112 enim
790 2052 849 2113 aut
870 2052 978 2132 partes
1009 2053 1067 2113 aut
1087 2069 1190 2134 genus
1213 2055 1270 2116 aut

152 2169 295 2252 species,
316 2174 375 2234 aut
402 2171 565 2236 contraria
594 2175 651 2236 aut
680 2171 908 2255 consequentia
930 2175 990 2237 ete.
1015 2171 1115 2236 -hi
1142 2173 1270 2238 anima

153 2293 261 2359 Tullio
291 2292 441 2361 dicuntur
470 2295 533 2360 loci
556 2334 597 2344 —
629 2293 800 2360 dummodo
834 2293 1001 2378 paululum
1030 2295 1272 2361 considerentur

153 2438 306 2503 maguum
336 2422 602 2504 argumentorum
625 2419 750 2502 copiam
785 2418 936 2503 praebere
958 2418 1074 2488 solent.
1110 2419 1199 2497 Quae
1221 2421 1271 2485 di·

155 2541 307 2626 sciplina,
342 2564 415 2608 cum
446 2542 489 2607 sit
523 2542 696 2607 memoriae
730 2541 910 2625 mentisque
939 2540 1186 2622 adminiculum,
1210 2543 1272 2608 hoc

154 2665 333 2732 Aristotele
356 2666 533 2753 sapientius
556 2663 693 2742 Tullius,
706 2665 792 2749 quod
814 2685 878 2730 non
902 2686 1020 2750 magna
1038 2665 1269 2731 sententiarum

156 2790 319 2877 farragine
359 2795 499 2856 mentem
535 2790 661 2856 onerari
698 2789 810 2874 jubet;
844 2789 988 2854 sufficere
1022 2790 1107 2855 enim
1152 2812 1271 2876 paucas

156 2915 307 2998 quasdam
331 2915 481 2994 rationes,
506 2914 589 2979 unde
612 2913 817 2998 probationes
840 2916 1018 2980 sumantur.
1044 2911 1148 2988 Quare
1172 2914 1270 2979 etiam

156 3037 262 3123 ipsum
285 3038 430 3104 locorum
454 3059 589 3116 nomen,
616 3059 680 3122 quo
703 3035 896 3101 Aristoteles
920 3035 1095 3102 sententias
1117 3036 1191 3102 illas
1213 3059 1271 3124 ge·

156 3160 281 3227 nerales
309 3160 476 3247 appellat,
499 3159 626 3227 Tullius
658 3160 767 3246 polius
795 3159 872 3246 ipsis
907 3159 1086 3225 rationibus
1116 3159 1231 3225 tribuit
1253 3182 1271 3225 e

156 3285 272 3369 quibus
294 3283 369 3350 illae
399 3284 579 3349 ducunturt
615 3288 653 3348 ut
688 3281 835 3368 exemplo
863 3303 930 3348 rem
952 3281 1134 3361 illustrem,
1161 3282 1271 3349 Cicero

155 3408 188 3473 in
211 3408 355 3474 locorum
382 3429 515 3473 numero
534 3406 651 3485 habet,
676 3405 867 3490 ›speciem”,
885 3405 1051 3492 ›gonus'';
1080 3405 1272 3472 Aristoteles

20 3539 21 3550 ¹
155 3536 292 3611 contra,
336 3533 442 3618 »quod
479 3531 628 3599 convenit
662 3529 801 3613 speciei,
842 3548 907 3592 non
945 3527 1039 3606 ideo,
1076 3526 1273 3613 generaliter

155 3655 305 3722 convenit
328 3655 470 3742 generi.''

198 3779 313 3846 Altera
336 3783 456 3860 autem,
480 3801 563 3864 quae
585 3777 693 3845 afferri
717 3753 824 3864 ¹potest
846 3777 941 3855 ratio,
956 3798 1013 3844 cur
1027 3775 1164 3861 priorem
1180 3775 1271 3844 illam

154 3902 338 3969 dialecticae
362 3907 489 3988 partem
501 3903 633 3969 minoris
656 3901 805 3969 aestimet
824 3901 946 3981 Cicero,
961 3903 1065 3986 majus
1078 3901 1175 3968 etiam
1187 3903 1271 3968 inter

154 4028 321 4112 utriusque
336 4027 528 4094 sententiam
540 4025 869 4095 discrimendeclarat.
884 4024 1024 4091 Videbat
1036 4024 1156 4090 scilicet
1167 4026 1272 4091 varim

152 4150 418 4236 philosophorum
435 4150 560 4218 scholas
582 4151 680 4218 etiam
699 4153 774 4234 post
786 4149 953 4216 Platonem
969 4153 1001 4214 et
1018 4146 1225 4213 Aristotelem
1237 4148 1271 4213 in

20 4290 21 4310 ¹
153 4274 299 4342 doctrina
317 4274 356 4341 de
378 4275 494 4341 divinis
518 4274 732 4359 humanisque
754 4275 861 4353 rebus,
884 4274 924 4339 de
944 4272 1068 4358 origine
1091 4292 1210 4350 rerum,
1229 4270 1269 4338 de

152 4401 269 4470 natura
290 4397 387 4492 hujus
410 4398 645 4482 universitatis,
669 4397 708 4465 de
730 4397 889 4466 bonorum
917 4395 1056 4482 finibus,
1080 4394 1119 4464 de
1142 4394 1209 4466 vita
1232 4416 1270 4476 oo
