3432 5498
715 647 756 716 91

176 871 315 955 quadarn
349 868 485 954 Lysiaca
507 864 643 951 ignobili
666 886 742 930 sane
765 868 798 928 et
821 861 957 948 frigida,
982 883 1064 946 quae
1087 864 1194 930 tamen
1218 856 1296 945 quin

179 994 223 1058 sit
233 994 408 1080 genuinum
421 991 535 1076 Lysiae
551 1011 631 1076 opus
648 991 778 1071 propter
789 987 935 1051 Platonis
947 987 1143 1071 aequitatem
1155 984 1297 1050 dubitari

179 1117 234 1182 vix
255 1123 370 1202 potest.
394 1116 499 1182 Causa
522 1118 571 1180 est
593 1113 690 1178 »Non
714 1111 846 1188 amanti,
870 1111 896 1175 si
921 1111 969 1188 ita
991 1109 1081 1194 loqui
1105 1109 1297 1191 faseat,po·

179 1242 245 1306 tius
263 1264 383 1306 morem
404 1240 578 1327 gerendum
593 1259 768 1322 essequam
792 1236 945 1302 amanti.’'
960 1235 1025 1300 Res
1041 1237 1074 1298 et
1091 1234 1188 1300 verba
1202 1232 1297 1298 vehe-

175 1368 301 1433 menter
334 1364 463 1451 placent
497 1362 663 1428 Phaedro:
704 1361 851 1426 Socrates
886 1382 962 1424 vero
999 1360 1048 1424 ita
1082 1358 1296 1424 elocutionem

175 1489 305 1573 planam
329 1492 362 1554 et
386 1488 555 1553 rotundam
585 1487 769 1571 praedicat,
803 1490 840 1551 ut
875 1484 971 1550 simul
1005 1484 1165 1570 significet
1194 1505 1297 1567 neque

177 1615 354 1680 sententias
388 1636 491 1698 neque
524 1613 683 1678 dictorum
717 1612 860 1677 ordinem
890 1613 923 1677 et
957 1608 1200 1674 collocationem
1234 1607 1295 1676 sibi

176 1738 255 1802 satie
278 1737 417 1822 probari.
455 1736 531 1802 Mox
554 1736 691 1802 Phaedri
718 1736 865 1822 precibus
890 1734 982 1819 quasi
1005 1755 1100 1820 aegre
1123 1733 1237 1798 adduci
1263 1754 1297 1798 ee

176 1862 268 1940 sinit,
293 1866 329 1926 ut
359 1863 428 1946 ipse
451 1863 490 1927 de
523 1861 633 1927 eodem
657 1865 848 1948 argumento
871 1858 1107 1924 oratiunculam
1127 1859 1296 1941 proponat.

174 1983 358 2050 Sermonem
378 1984 477 2050 habet
495 2007 559 2050 non
583 2007 660 2052 sane
681 1988 834 2074 grandem
851 1991 884 2052 et
900 1986 1080 2073 egregium,
1104 2022 1138 2032 —
1162 1983 1294 2046 eandem

174 2110 259 2174 enim
272 2111 463 2175 sententiam
476 2111 618 2177 defendit
634 2151 665 2160 -
678 2113 732 2177 sed
744 2117 959 2196 praestantem
971 2135 1008 2176 ea
1016 2111 1148 2184 virtute,
1160 2128 1242 2190 quae
1254 2105 1294 2188 (si

172 2234 528 2320 formam'epectamus)
552 2235 688 2300 maxime
711 2235 744 2300 in
764 2236 898 2320 Lysiaca
915 2235 1059 2301 oratione
1076 2231 1293 2297 desideratur:

174 2363 281 2441 partes
293 2381 403 2423 omnes
416 2359 556 2443 perlecto
569 2359 680 2424 ordine
691 2363 767 2423 eunt
777 2344 961 2443 dispositae.
975 2356 1074 2423 Initio
1086 2356 1188 2442 igitur
1201 2352 1294 2436 quasi

174 2503 231 2564 per
247 2481 414 2560 σύνθεσιν,
431 2487 468 2547 ut
484 2483 577 2567 ajunt
588 2482 784 2568 philosophi,
797 2485 818 2548 i.
832 2507 859 2549 e.
876 2481 1094 2548 descendendo
1106 2503 1125 2545 a
1137 2481 1293 2563 conceptu

174 2605 415 2683 universaliora,
438 2607 655 2673 definitionem
680 2608 798 2672 amoris
818 2607 959 2692 praeiet
979 2603 1139 2671 sensibilis
1151 2601 1293 2687 quaerit;

175 2728 246 2794 dein
270 2729 382 2795 ordine
405 2735 582 2808 enumerat,
606 2732 723 2816 quibus
744 2733 837 2797 malis
860 2755 950 2797 amor
968 2728 1153 2815 hujusmodi
1177 2731 1209 2792 et
1225 2726 1295 2792 ani·

176 2876 259 2918 mam
284 2859 317 2919 et
340 2877 457 2940 corpus
480 2861 513 2920 et
536 2856 621 2921 hona
643 2856 723 2940 ejus,
748 2855 802 2940 qui
826 2861 962 2933 ametur,
983 2855 1112 2919 alliciat.

219 2979 296 3044 Post
312 2980 400 3056 haec,
420 3002 501 3063 quae
514 2981 547 3045 in
562 2979 829 3063 vituperationem
841 2979 960 3044 amoris
978 2981 1129 3063 vergunt,
1147 2974 1295 3058 sequitur

170 3103 236 3186 jam
252 3102 396 3168 Platonis
409 3107 592 3192 παλινῳδία
605 3144 649 3151 -
661 3104 766 3168 oratio
777 3102 834 3170 illa
848 3103 1017 3189 magnifica
1031 3106 1065 3166 et
1076 3098 1215 3186 grandis
1230 3119 1294 3180 qua

173 3227 326 3310 sapientis
348 3250 437 3294 amor
460 3229 652 3306 celebratur,
675 3229 808 3312 ejusque
825 3229 958 3315 egregia
976 3227 1142 3292 commoda
1162 3223 1293 3288 mirifice

174 3353 444 3418 commendantur.
485 3354 563 3418 Esse
586 3354 670 3418 euim
694 3358 822 3437 praeter
853 3375 1010 3429 amorem,
1033 3353 1073 3416 de
1096 3372 1159 3433 quo
1183 3344 1293 3430 paullo

175 3480 261 3552 ante,
284 3476 384 3541 alium
408 3478 577 3562 quemdam
601 3500 754 3553 amorem,
775 3478 870 3542 illum
893 3478 1095 3561 quidemnon
1117 3469 1293 3538 morbidam

174 3599 372 3666 affectionem
399 3606 457 3666 aut
485 3624 617 3687 pravam
645 3601 876 3686 cupiditatem,
905 3602 960 3666 sed
990 3601 1065 3665 honi
1093 3599 1235 3666 studium
1258 3613 1295 3657 ac

173 3719 315 3790 furorem
346 3727 499 3792 divinitus
533 3727 721 3791 immissum.
759 3726 914 3791 Animum
946 3730 1053 3790 autem
1080 3726 1293 3790 iuunortalem

175 3849 301 3932 utrique
336 3851 503 3935 cupiditati
538 3874 701 3936 praeesse,
730 3851 819 3916 velut
842 3852 1008 3936 aurigam,
1046 3851 1101 3934 qui
1132 3851 1211 3915 duos
1245 3872 1294 3913 re·

174 3977 231 4059 gat
275 3996 393 4057 equos,
436 3998 573 4060 quorum
609 3976 691 4040 alter
725 3976 768 4040 sit
806 3996 979 4060 generosus
1014 3981 1047 4040 et
1086 3980 1293 4050 mansuetus,

174 4096 257 4162 alter
288 4098 464 4165 indomitus
491 4105 524 4165 et
549 4122 696 4185 nequam.
732 4100 910 4166 Eritiosam
945 4101 1046 4187 igitur
1074 4101 1143 4166 fore
1171 4099 1294 4164 amanti

175 4223 434 4288 consuetudinem
456 4223 553 4302 illius,
578 4225 670 4307 cujus
693 4248 792 4310 prava
815 4226 942 4308 cupido,
968 4225 1055 4289 velut
1078 4224 1294 4310 equus'dindo·

175 4346 281 4423 mitus,
294 4346 430 4412 alterum
444 4371 560 4432 equum
572 4349 760 4434 etaurigam
775 4389 808 4397 —
825 4353 964 4413 mentem
976 4353 1007 4413 et
1020 4347 1094 4414 boni
1104 4346 1295 4432 honestique

174 4470 381 4555 cupiditatem
409 4511 446 4522 -
472 4473 618 4538 deorsum
653 4495 761 4542 secum
797 4471 916 4536 trahat.
953 4471 1115 4556 Optimam
1151 4494 1226 4537 vero
1262 4476 1295 4537 et
