3432 5498
418 897 609 992 positionem
634 902 982 993 conformationemque
1013 909 1112 992 atque
1146 905 1329 976 universam
1359 906 1546 978 doctrinam

421 1029 537 1096 horum
562 1030 732 1111 librorum,
755 1031 897 1098 nondum
919 1032 997 1098 satis
1020 1031 1224 1118 exploratum
1243 1055 1311 1100 esse
1333 1039 1424 1120 pato.

464 1154 671 1221 Aristotelem
693 1154 803 1241 magni
825 1155 964 1223 faciebat
985 1155 1107 1223 Cicero.
1130 1157 1300 1224 Platonem
1317 1165 1428 1226 autem
1439 1182 1542 1246 supra

420 1301 530 1346 omues
553 1280 695 1346 omnium
715 1282 858 1346 actatum
880 1279 1088 1365 philosophos
1109 1282 1233 1348 solebat
1255 1282 1419 1350 extollere.
1443 1279 1543 1350 Hunc

420 1405 511 1492 quasi
534 1403 693 1488 quendam
705 1405 798 1470 deum
810 1402 1075 1490 philosophorum
1089 1404 1125 1492 ')‚
1137 1405 1240 1472 virtum
1255 1407 1475 1476 doctissimum
1488 1415 1544 1476 at·

421 1551 483 1614 que
506 1529 641 1595 eundem
662 1529 889 1615 gravissimum
911 1526 1176 1613 pbilosophorum
1199 1533 1392 1622 omnium¹)‚
1411 1536 1543 1601 nonin-

421 1651 589 1740 telligendi
613 1651 728 1731 solum,
751 1653 806 1718 sed
829 1652 927 1718 etiam
949 1651 1073 1718 dicendi
1095 1654 1320 1741 gravissimum
1336 1660 1498 1724 auctorem
1511 1661 1542 1745 ³)

422 1782 455 1844 et
477 1776 670 1864 magistrum
693 1795 758 1841 non
780 1774 912 1863 linguae
935 1775 1050 1856 solum,
1074 1799 1184 1843 verum
1208 1779 1305 1845 etiam
1317 1781 1417 1846 animi
1429 1784 1462 1847 et
1473 1782 1543 1847 vir·

420 1902 501 1986 tutis
525 1901 715 1988 magistrum
739 1899 765 1985 ¹)
787 1899 981 1985 appellabat.
1005 1901 1089 1978 Quid
1112 1904 1197 1987 quod
1221 1903 1286 1968 alio
1309 1906 1448 1990 quodam
1466 1904 1541 1971 loco

422 2049 483 2092 »ex
518 2025 598 2105 hoo,
631 2024 757 2109 inquit,
793 2021 937 2090 Platonis
972 2025 1063 2108 quasi
1102 2027 1241 2111 quodam
1274 2033 1387 2096 sancto
1421 2051 1542 2114 augus-

422 2158 519 2239 toque
538 2153 627 2219 fonte
650 2156 760 2218 nostra
783 2153 886 2217 omnis
908 2152 1054 2218 manabit
1076 2154 1219 2232 oratio’';
1248 2153 1275 2242 ⁸)
1309 2157 1407 2239 atque
1441 2154 1541 2218 etiam

423 2319 464 2330 -
488 2278 636 2364 cujusrei
659 2275 852 2342 Plutarchus
874 2281 987 2343 auctor
1009 2280 1058 2342 est
1079 2318 1122 2327 —
1146 2278 1249 2344 dicere
1272 2278 1396 2344 solebat
1413 2278 1541 2355 Jovem‚

422 2405 449 2470 si
478 2405 598 2470 Graece
621 2401 748 2468 locutus
771 2404 864 2480 esset,
888 2401 1032 2468 Platonis
1055 2425 1200 2470 sermone
1222 2425 1355 2469 usurum
1374 2402 1473 2467 subse
1500 2401 1540 2489 ⁸).

422 2521 496 2594 Non
520 2526 636 2592 mirum
658 2525 772 2612 igitur,
796 2525 883 2611 quod
903 2525 936 2591 in
962 2526 1071 2592 endem
1094 2526 1247 2613 epistola,
1269 2527 1303 2591 in
1326 2548 1392 2612 qua
1413 2525 1542 2592 Aristo·

422 2652 533 2717 teliam
556 2655 589 2716 et
617 2649 805 2717 Isocratiam
836 2650 994 2717 rationem
1029 2651 1203 2717 oratoriam
1235 2673 1303 2717 sese
1337 2650 1542 2736 complexum

423 2799 491 2843 esse
517 2776 693 2862 significat,
725 2779 835 2859 aperte
862 2775 959 2841 edicit
989 2799 1041 2840 »ae
1063 2777 1226 2842 Plutonem
1247 2776 1434 2843 oelwmeater
1456 2777 1544 2862 sequi

422 2900 607 2970 coctoremss'

467 3026 542 3092 Jam
565 3046 641 3090 vero
663 3025 735 3110 quis
758 3045 823 3089 non
847 3024 941 3103 videt,
965 3047 1062 3110 quam
1083 3023 1185 3090 multa
1207 3025 1242 3090 in
1264 3023 1351 3091 hisce
1362 3022 1453 3089 libris
1466 3022 1544 3088 Pla·

423 3151 509 3216 tonis
531 3150 670 3236 dialogis
692 3150 758 3214 sint
780 3149 967 3215 simillima?
1001 3149 1203 3216 Platonicum
1238 3155 1287 3216 est
1321 3167 1473 3235 personas
1507 3147 1542 3212 in

423 3293 549 3341 scenam
572 3273 720 3339 inducere
743 3272 784 3337 ab
806 3273 899 3338 initio
923 3294 1023 3356 usque
1046 3273 1087 3337 ad
1109 3275 1230 3338 exitum
1253 3275 1314 3339 sibi
1326 3273 1454 3361 egregie
1465 3294 1542 3338 oon-

424 3402 565 3476 stantes3
588 3397 774 3463 Platonicae
797 3402 875 3462 sunt
901 3396 1011 3462 breves
1034 3396 1110 3462 illae
1134 3396 1332 3483 blandaeque
1355 3396 1544 3463 collocutio·

424 3545 481 3588 nes
505 3522 705 3608 longioribus
727 3522 1004 3607 severioribusque
1025 3523 1225 3588 sermonibus
1235 3522 1441 3588 intermixtae
1458 3523 1544 3585 tam·

423 3669 521 3732 quam
543 3668 662 3731 pausae
685 3647 726 3710 ad
749 3645 1010 3731 requiescendum
1034 3647 1137 3712 datae.
1158 3646 1360 3713 Platonicum
1387 3649 1449 3725 est,
1472 3667 1542 3723 eos,

424 3772 480 3857 qui
503 3771 624 3856 primas
646 3771 754 3854 partes
777 3773 890 3857 agunt,
902 3769 1073 3835 manifesto
1082 3770 1183 3855 ipsius
1194 3769 1360 3856 scriptoris
1375 3767 1459 3834 tueri
1470 3789 1544 3833 sen-

424 3969 584 3982 ——n-—n

460 4094 489 4158 1)
506 4091 540 4146 (lo
559 4089 620 4146 Nat.
639 4091 671 4146 D.
691 4090 723 4146 11.
743 4093 786 4145 12.
806 4094 849 4145 32.

460 4182 489 4247 2)
506 4183 540 4236 de
557 4179 622 4251 Leg.
641 4181 673 4236 ll.
692 4183 717 4234 6.
736 4181 779 4233 11.

460 4267 488 4338 3)
506 4267 610 4324 Orator.
629 4270 655 4324 3.
675 4270 718 4322 10.

461 4355 488 4426 t)
506 4358 540 4412 de
558 4356 632 4412 Orat.
648 4357 692 4412 111.
711 4374 733 4411 o.
752 4357 795 4410 34.
815 4355 829 4421 5
847 4357 910 4410 139.

461 4443 488 4514 5)
507 4444 586 4499 Taso.
605 4445 637 4500 V.
657 4447 670 4511 5
688 4448 731 4499 1‘2.
846 4497 848 4500 .

461 4532 489 4610 6)
507 4533 643 4590 Plutarch.
662 4535 707 4590 vit.
727 4532 782 4590 cic.
801 4550 824 4591 c·
843 4539 886 4595 24.
