3406 5496
992 627 1014 693 4

443 843 553 932 magni
573 844 634 910 viri
646 843 918 930 vituperatoribus
934 842 1069 909 credam.
1086 843 1154 920 Quo
1167 843 1239 929 jure
1257 842 1342 908 enim
1359 862 1477 930 magna
1492 841 1560 926 ejus

441 971 476 1035 in
504 970 641 1054 patriam
668 969 815 1054 civesque
843 967 959 1032 merita
981 969 1165 1054 negantur?
1196 965 1369 1032 Catilinam
1400 967 1559 1051 istamque

441 1093 682 1178 conjuratorum
713 1093 890 1169 sentinam,
922 1113 986 1176 qua
1014 1091 1182 1176 capitalior
1209 1091 1308 1176 pestis
1335 1091 1389 1156 vix
1418 1113 1559 1174 unquam

441 1219 514 1283 urbi
536 1218 705 1302 impendit,
727 1241 745 1283 e
767 1216 932 1302 republica
951 1218 1085 1302 expulit,
1101 1218 1187 1282 haud
1203 1215 1321 1282 inscius
1339 1217 1424 1302 quod
1444 1216 1558 1280 ceteris

441 1341 540 1407 saluti
563 1342 698 1419 fuisset,
727 1341 759 1405 id
791 1341 852 1405 sibi
881 1341 936 1404 uni
965 1341 1117 1426 perniciei
1148 1341 1225 1405 fore.
1261 1339 1417 1427 Agrarios
1452 1343 1559 1405 motus

440 1467 607 1543 cohibuit3
639 1465 766 1551 plebem
790 1470 822 1531 et
845 1470 1024 1550 equestrem
1048 1466 1190 1531 ordinem
1216 1465 1288 1551 lege
1311 1465 1349 1530 de
1372 1463 1451 1530 XIV
1474 1464 1559 1529 inter

441 1613 474 1654 se
490 1590 695 1655 exacerbatos
713 1590 921 1674 compescuit3
938 1590 1134 1674 provinciam
1148 1611 1238 1654 suam
1251 1611 1348 1672 quarn
1359 1587 1558 1654 sanctissime

441 1712 688 1778 administravit.
712 1712 775 1777 Ter
798 1735 816 1776 a
832 1712 977 1797 patribus
994 1716 1027 1777 et
1045 1711 1139 1798 plebe
1158 1713 1204 1777 ita
1219 1715 1370 1796 exceptus
1389 1711 1560 1777 deductus-

440 1858 503 1920 que
526 1840 576 1901 est
596 1841 633 1901 ut
649 1841 724 1900 ante
744 1859 816 1900 eum
836 1857 944 1901 nemo:
969 1858 1042 1901 cum
1058 1836 1253 1901 catilinarios
1270 1836 1466 1921 opressisset,
1485 1858 1558 1902 cum

441 1981 480 2024 ex
497 1959 592 2024 exilio
605 1959 733 2037 rediret,
753 1981 825 2023 cum
840 1959 1024 2024 decessisset
1035 1959 1073 2024 de
1089 1959 1263 2044 provincia.
1287 1958 1427 2024 Maxime
1450 1963 1558 2024 autem

415 2171 417 2178 y
439 2083 473 2148 in
496 2083 552 2148 illo
575 2085 616 2148 ab
639 2083 735 2147 exilio
758 2084 873 2161 reditu,
897 2087 990 2149 tanto
1014 2083 1120 2150 studio
1143 2088 1176 2148 et
1195 2084 1481 2150 lavoreuniversus
1500 2106 1559 2168 po-

439 2206 535 2292 pulns
560 2207 688 2271 obviam
711 2206 740 2270 ei
764 2207 948 2286 contendit,
978 2210 1015 2271 ut
1039 2207 1090 2273 vel
1116 2206 1325 2287 Plutarchus,
1348 2208 1479 2273 minime
1502 2207 1558 2273 ille

439 2329 566 2412 quidem
591 2328 752 2394 Ciceronis
775 2329 923 2395 adulator
945 2331 1105 2395 affirmet:
1130 2331 1238 2416 »quod
1249 2329 1359 2397 Cicero
1372 2335 1486 2418 postea
1508 2332 1558 2396 di·

439 2453 522 2517 xerit
544 2474 577 2518 se
599 2451 740 2517 humeris
763 2452 878 2518 Italiae
898 2454 1034 2519 Romam
1057 2457 1256 2539 reportatum
1279 2458 1359 2536 esse,
1377 2456 1409 2522 id
1433 2457 1480 2522 rei
1504 2479 1558 2522 ve-

438 2578 568 2642 ritatem
590 2600 656 2642 non
680 2578 872 2665 attingere.’‘
894 2579 921 2666 1)

482 2701 557 2767 Jam
580 2702 660 2767 haec
684 2702 791 2767 omnia
812 2706 870 2786 qui
894 2707 1068 2788 potuerunt
1091 2705 1121 2770 ei
1139 2705 1324 2790 contingere
1341 2706 1379 2784 si,
1395 2707 1481 2791 quod
1499 2707 1554 2772 isti

439 2824 645 2904 contendunt,
669 2826 757 2890 omni
778 2849 908 2910 prorsus
931 2848 1037 2892 rerum
1062 2827 1203 2893 civilium
1226 2829 1409 2916 cognitione
1433 2835 1466 2895 et
1477 2854 1554 2916 pru·

437 2948 557 3028 dantia,
572 2950 659 3014 omni
671 2950 860 3015 fortitudine
880 2955 912 3017 et
930 2952 1049 3035 pietate
1066 2952 1240 3018 caruisset?
1257 2993 1297 3002 -
1315 2953 1556 3022 Inconstantiae

438 3073 595 3159 arguitur.
618 3073 674 3153 At,
697 3074 769 3159 quis
792 3075 935 3140 intanta
959 3098 1062 3140 rerum
1087 3077 1340 3160 perturbatione,
1364 3081 1443 3146 satis
1467 3085 1555 3147 certo

437 3198 603 3284 providere
619 3198 725 3283 potnit
749 3203 857 3265 utrum
872 3202 1044 3284 optimates
1067 3224 1109 3266 an
1127 3203 1310 3288 populares,
1326 3204 1489 3270 vCaesarne
1514 3229 1554 3271 an

437 3321 609 3405 Pompejus
629 3323 731 3408 magis
748 3324 793 3388 rei
811 3323 974 3388 Romanae
991 3325 1161 3390 obfuturos
1177 3331 1270 3392 esset.
1295 3329 1412 3405 Quodsi
1430 3330 1555 3396 Caesari

437 3447 544 3530 potius
568 3469 665 3530 quam
689 3447 842 3532 Pompejo
858 3471 926 3513 sese
946 3449 1154 3532 adjunxisset,
1171 3474 1235 3515 non
1251 3457 1300 3518 est
1315 3454 1459 3534 dubium,
1477 3455 1554 3540 quin

435 3569 494 3635 illo
517 3569 638 3635 victore
662 3571 757 3636 etiam
782 3594 920 3658 magnus
943 3573 977 3637 in
1000 3596 1035 3639 re
1057 3574 1185 3658 publiea
1207 3575 1306 3642 fuerit
1328 3577 1469 3643 futurus.

480 3693 572 3769 Quod
595 3699 704 3760 autem
728 3694 838 3761 Cicero
868 3701 906 3761 ut
928 3719 1096 3762 causarum
1123 3702 1278 3783 patronus
1303 3723 1357 3766 eos
1383 3723 1479 3787 saepe
1501 3702 1556 3768 de-

434 3818 536 3884 rendit
560 3819 598 3885 de
620 3842 760 3903 quorum
785 3820 879 3905 culpa
903 3821 1051 3887 dubitare
1073 3823 1127 3887 vix
1149 3827 1276 3908 posset3
1306 3826 1392 3911 quod
1422 3827 1456 3892 in
1480 3849 1555 3893 ora-

434 3944 576 4010 tionibus
604 3967 845 4030 nonnumquam
870 3947 1038 4013 veritatem
1062 3952 1191 4035 tegere,
1222 3949 1366 4036 lalsaqne
1388 3973 1448 4036 pru
1470 3951 1554 4019 veris

436 4143 596 4155 ..αι’-ψ...

475 4285 502 4354 l)
527 4283 597 4341 Plut.
623 4287 688 4341 rita
702 4285 757 4342 Cic.
782 4305 804 4341 u.
831 4289 893 4342 33...
919 4281 987 4341 ὥστε
1012 4285 1041 4341 τὸ
1067 4285 1155 4363 ῥηθὲν
1180 4279 1232 4342 ὕπὸ
1258 4287 1416 4366 Κικέρωνος
1441 4283 1554 4366 ὕστερον

432 4368 605 4450 ἐνδεέστερον
617 4372 689 4429 εἶναι
701 4376 748 4446 τῆς
765 4369 904 4446 dipsadas.
918 4374 971 4446 ἔφη
983 4375 1038 4452 γὰρ
1052 4371 1135 4431 αὐτὸν
1149 4375 1262 4434 ἐπὶτῶν
1277 4374 1360 4454 ὤμων
1372 4378 1423 4454 τὴν
1432 4373 1553 4434 Ἰταλίαν

432 4460 570 4540 φέρουσαν
587 4463 627 4524 εἰς
644 4463 695 4540 aba
712 4457 824 4542 Ῥώμην
843 4464 1020 4539 εἰσενεγκεῖν.
