3406 5496
996 614 1016 676 2

451 812 677 889 miteinander,
700 833 755 875 um
778 810 833 874 der
856 806 1123 894 ursprtingliohen
1148 805 1275 872 Gestalt
1303 805 1359 871 der
1382 807 1568 893 genannten

450 936 570 1000 Werke
593 935 765 1021 mdglichst
788 933 871 999 nahe
895 957 932 997 zu
949 931 1132 998 kommen.’'

495 1060 767 1135 Quemadmodum
799 1059 903 1136 enim,
934 1063 968 1123 ut
1000 1057 1199 1134 Quintiliano
1229 1061 1262 1123 et
1293 1055 1414 1123 Cobeto
1441 1054 1568 1139 placet,

451 1190 590 1249 »rectam
609 1183 907 1268 interpretationem
926 1182 1094 1266 praecedat
1114 1185 1243 1265 oportet
1255 1180 1423 1246 emendata
1438 1179 1568 1258 lectio,”

450 1309 496 1371 ita
520 1313 688 1391 postquam
712 1306 876 1390 praeclara
901 1307 957 1371 illa
981 1329 1086 1390 opera,
1110 1311 1268 1390 quantum
1291 1305 1454 1392 Stanglii,
1479 1303 1569 1371 Frie-

450 1431 579 1495 drichsii
597 1430 797 1514 aliorumque
821 1431 1074 1495 doctissimorum
1095 1432 1259 1495 hominum
1272 1430 1410 1517 ingeniis
1426 1453 1463 1494 ac
1479 1429 1570 1494 labo-

450 1554 538 1617 ribus
561 1554 630 1618 fieri
653 1555 782 1637 potuit,
806 1554 845 1618 ad
869 1554 1037 1637 pristinam
1062 1555 1284 1642 integritatem
1309 1559 1385 1620 sunt
1408 1555 1571 1631 restituta,

449 1676 517 1761 jam
541 1676 623 1742 nihil
646 1677 749 1762 magis
773 1677 949 1760 optandum
972 1679 1117 1757 videtur,
1139 1702 1235 1763 quam
1264 1684 1301 1745 ut
1324 1680 1364 1743 ad
1387 1683 1569 1745 accuratam

451 1803 633 1866 eorumdem
647 1802 890 1885 explicationem
907 1807 1091 1886 rectamque
1103 1804 1370 1880 aestimationem,
1386 1804 1569 1868 litterarum

452 1928 545 1992 amici
563 1949 621 1992 sua
644 1927 749 1991 studia
773 1928 964 1994 consocient.
1001 1927 1047 1993 Ut
1070 1931 1176 1991 antem
1207 1927 1247 1991 ad
1275 1928 1477 2014 singulorum
1501 1949 1571 1992 ver-

451 2051 564 2116 borum
595 2052 850 2136 explanationem
886 2051 1181 2135 sententiarumque
1215 2050 1463 2137 intelligentiam
1498 2054 1572 2136 post

452 2174 576 2255 Sorofii,
601 2175 756 2252 Pideritii,
783 2176 958 2254 Wilkinsii,
982 2176 1078 2259 hujus
1102 2175 1206 2259 operis
1230 2176 1384 2241 editiones
1408 2175 1462 2241 vix
1481 2175 1571 2260 quic-

451 2322 547 2383 quam
572 2300 743 2364 desiderari
767 2300 907 2378 videtur,
932 2301 978 2364 ita
1000 2299 1095 2364 facile
1118 2300 1198 2364 mihi
1221 2300 1386 2385 persuasi,
1409 2300 1447 2364 de
1471 2299 1571 2383 scrip-

452 2426 532 2489 toris
549 2424 694 2502 consiliu,
713 2424 751 2488 de
772 2424 919 2489 universo
932 2425 1037 2509 operis
1055 2425 1217 2503 instituto,
1230 2426 1268 2489 de
1285 2424 1442 2490 scribendi
1455 2446 1572 2511 genere

452 2550 608 2631 quaedam
633 2549 817 2613 etiamnunc
839 2549 964 2613 utiliter
986 2549 1173 2638 investigari
1196 2571 1297 2633 posse.

497 2673 573 2736 Tria
596 2673 696 2758 igitur
720 2677 796 2737 sunt
820 2673 857 2737 de
881 2674 995 2758 quibus
1019 2671 1182 2756 disputare
1204 2673 1238 2738 in
1263 2674 1369 2738 animo
1392 2676 1462 2738 est:

497 2798 640 2862 Primum
661 2802 730 2863 est:
752 2798 827 2882 quid
844 2797 954 2863 Cicero
974 2798 1061 2864 hisce
1081 2797 1172 2862 libris
1188 2796 1362 2862 scribendis
1378 2797 1439 2862 sibi
1455 2818 1571 2880 propo-

452 2922 572 3000 suerit,
600 2946 654 2988 seu
686 2923 804 3007 quibus
834 2923 895 2988 hac
923 2923 1096 3008 scriptione
1124 2922 1262 2986 maxime
1285 2920 1402 2986 servire
1425 2919 1572 2986 voluerit.

496 3047 645 3112 Alterum
671 3051 735 3112 est:
761 3069 844 3130 quae
868 3048 1013 3114 videatur
1029 3046 1160 3132 propria
1176 3049 1208 3110 et
1234 3046 1404 3130 praecipua
1427 3043 1572 3109 doctriua

452 3176 485 3236 et
508 3172 600 3256 quasi
623 3166 800 3260 Χαρακτὴρ
823 3172 937 3237 horum
960 3172 1126 3238 librorum.

500 3301 644 3385 Denique
668 3300 856 3385 praecipuos
880 3300 1035 3385 quosdam
1052 3297 1155 3362 tontes
1177 3295 1243 3359 sive
1266 3292 1461 3377 exemplaria
1475 3291 1571 3376 hujus

454 3425 558 3508 operis
584 3425 631 3488 ita
654 3425 797 3489 conterre
821 3425 1018 3500 conalimur,
1033 3426 1069 3486 ut
1092 3424 1125 3486 et
1148 3420 1253 3504 qualis
1269 3419 1312 3484 sit
1328 3418 1407 3482 haec
1426 3416 1571 3482 doctrina

452 3549 653 3614 manifestius
677 3553 831 3632 appareat
855 3554 887 3613 et
910 3549 1006 3614 simul
1029 3549 1172 3633 ipsorum
1196 3547 1353 3612 librorum
1376 3544 1513 3610 virtutes
1537 3545 1570 3607 in

450 3672 536 3740 clara
559 3672 629 3738 luce
653 3677 823 3757 ponantur.
