3432 5498
984 621 1027 695 74

448 839 543 906 modo
577 840 760 907 universam
790 839 1030 928 philosophiam
1053 844 1118 910 suis
1144 844 1272 931 scriptis
1295 844 1479 930 complexus
1497 849 1562 923 est,

448 963 503 1030 sed
525 964 649 1030 dicendi
672 987 800 1052 quoque
823 971 926 1033 artem
947 968 995 1033 ita
1006 970 1168 1049 tractavit,
1191 974 1362 1048 utomnes,
1385 992 1469 1055 quae
1488 974 1561 1036 ante

447 1088 553 1172 ipsum
575 1090 763 1176 conscriptae
786 1097 863 1158 aunt
885 1095 982 1171 artes,
1005 1092 1161 1160 oblivioni
1184 1093 1250 1159 sint
1273 1093 1367 1159 datae
1387 1097 1420 1159 et
1435 1115 1563 1178 prorsus

448 1214 639 1298 deperditae.

491 1337 670 1406 Redeamus
690 1341 792 1428 igitur
815 1343 853 1407 ad
878 1342 974 1407 verba
997 1343 1090 1408 modo
1113 1343 1232 1421 allata,
1254 1342 1371 1428 quibua
1394 1342 1464 1426 ipse
1486 1341 1563 1407 'l'ul-

446 1461 510 1527 lius
533 1463 717 1530 brevissime
740 1465 870 1545 indicat,
892 1489 1051 1551 quaenam
1073 1468 1156 1533 ratio
1180 1467 1264 1533 inter
1288 1467 1384 1532 hosce
1407 1466 1508 1532 libros
1531 1470 1563 1532 et

447 1586 632 1654 Aristotelis
644 1611 741 1674 opera
753 1590 1222 1676 intercedat.›Scripsi,inquit,
1240 1590 1428 1656 Aristotelio
1440 1589 1561 1655 more”:

448 1712 481 1778 id
504 1717 564 1791 est,
576 1713 699 1799 opinor,
711 1716 745 1780 in
760 1716 918 1783 scribendi
936 1718 1028 1783 modo
1048 1739 1085 1783 ac
1107 1715 1309 1804 dialogorum
1333 1717 1451 1794 torma,
1474 1715 1564 1781 Aris-

448 1837 582 1904 totelem
605 1839 750 1905 imitatus
772 1845 838 1916 ost3
861 1863 926 1907 non
956 1844 1043 1907 certe
1070 1839 1279 1905 Aristotelem
1302 1838 1397 1904 illum
1420 1860 1562 1923 pressum

448 1965 481 2027 et
503 1961 632 2026 brevem
657 1967 690 2028 et
713 1965 880 2031 obscuram
905 1971 938 2031 et
960 1965 1161 2050 impolitum,
1185 1963 1313 2049 qualem
1340 1985 1399 2028 nos
1432 1985 1504 2029 eum
1527 1986 1564 2028 ex

448 2087 686 2152 commentariis
709 2091 930 2177 cognoscimus
952 2091 1096 2177 illisqui
1119 2090 1179 2156 soli
1202 2093 1279 2155 sunt
1292 2089 1493 2174 superstites,
1512 2090 1564 2154 sed

450 2211 672 2296 »eloquentem
696 2218 729 2278 et
750 2214 785 2279 in
819 2216 951 2282 dicendo
973 2239 1103 2283 suavem
1131 2220 1164 2281 et
1196 2212 1370 2279 ornatum”
1395 2217 1420 2300 ¹)
1457 2213 1560 2299 qualis

418 2427 419 2430 Ἴ
447 2339 528 2412 erat,
552 2335 659 2402 Tullio
683 2340 778 2416 teste,
794 2339 827 2403 in
840 2338 975 2426 dialogis
990 2341 1057 2406 sire
1080 2339 1171 2405 libris
1187 2337 1264 2417 illis,
1278 2360 1359 2423 quos
1387 2338 1421 2403 in
1437 2337 1469 2403 V
1482 2338 1561 2404 libro

450 2457 489 2524 do
523 2459 656 2526 Finibus
687 2463 907 2547 »populariter
940 2465 1075 2550 scriptos
1105 2468 1139 2530 et
1169 2462 1395 2550 timagorae?
1419 2463 1560 2548 appellat

449 2581 570 2649 Cicero.
626 2583 665 2650 In
700 2587 816 2672 quibus
849 2587 980 2654 dubium
1024 2609 1089 2653 non
1124 2591 1188 2666 est,
1235 2588 1314 2672 quin
1359 2587 1562 2671 potissimum

449 2706 492 2775 sit
511 2713 665 2788 vorsatus,
688 2731 761 2776 cnm
783 2711 884 2777 libros
905 2711 1074 2778 interiores
1096 2714 1130 2777 ot
1152 2711 1332 2777 reconditos
1348 2710 1437 2777 illius
1460 2709 1564 2796 philo·

449 2831 552 2918 sophi,
575 2857 655 2920 quos
671 2840 719 2914 ut,
730 2835 778 2900 ait
800 2834 834 2900 in
857 2835 995 2921 Topicis,
1008 2833 1034 2922 ²)
1056 2858 1122 2902 non
1134 2835 1228 2901 modo
1240 2834 1386 2901 rhetores
1397 2835 1451 2900 sed
1464 2831 1559 2900 etiam

450 2958 512 3044 ipsi
535 2958 720 3044 philosophi
744 2965 871 3046 praeter
893 2960 1064 3026 admodum
1087 2981 1207 3045 paucos
1229 2960 1436 3048 ignorabant,
1459 2958 1560 3024 multo

451 3083 556 3149 minus
580 3084 706 3150 ridetur
727 3085 884 3172 attigisse.

494 3208 575 3275 Cum
598 3214 706 3275 autem
730 3211 924 3279 diuturnitas
953 3212 1107 3297 temporis
1141 3211 1233 3277 nobis
1256 3211 1365 3278 omnia
1387 3209 1445 3276 illa
1469 3231 1565 3295 opera

449 3335 608 3421 perpolita
637 3341 735 3421 atque
768 3335 908 3421 perfecta
930 3335 1137 3420 surripuerit,
1161 3334 1346 3400 accuratius
1377 3332 1479 3400 statui
1503 3354 1564 3398 non

450 3464 578 3545 potest,
608 3465 767 3545 quatenns
806 3461 906 3526 Tullii
937 3481 1098 3526 sermones
1130 3459 1216 3545 stylo
1251 3457 1566 3542 conformationeque

450 3606 510 3649 sua
548 3583 692 3672 dialogos
733 3584 887 3671 principis
923 3584 1210 3669 Peripateticorum
1240 3582 1420 3648 imitentur.
1466 3581 1565 3666 Equi-

452 3685 657 3786 dem'nescio,
675 3730 740 3792 quo
756 3710 829 3794 jure
849 3707 1055 3794 Sohanzins¹)
1079 3707 1281 3793 dialogorum
1305 3705 1444 3771 formam
1475 3704 1566 3770 Aris·

451 3833 615 3899 totelicam
632 3833 734 3921 magis
748 3855 844 3919 quam
868 3832 1067 3898 Platonicam
1080 3853 1147 3897 esse
1165 3829 1346 3897 contendat.
1366 3829 1564 3915 Quamquam

452 3961 536 4026 enim
561 3960 722 4026 Ciceronis
745 3959 929 4024 testimonio
952 3961 1088 4036 constat,
1102 3980 1174 4022 cum
1191 3955 1253 4021 hac
1270 3955 1304 4020 in
1329 3977 1364 4020 rc
1383 3953 1566 4028 Aristotelis

488 4339 517 4400 t)
536 4335 575 4390 Da
594 4333 639 4388 Or.
658 4337 676 4389 l.
696 4335 739 4389 49.

488 4406 516 4474 t)
534 4406 602 4475 Tap.
621 4407 634 4472 ἓ
652 4407 677 4460 3.

489 4477 517 4546 3)
535 4475 598 4532 (los.
618 4478 644 4532 d.
663 4476 740 4530 Rom.
758 4477 797 4530 lit.
818 4494 844 4546 p.
865 4476 926 4530 232.
