3406 5496
974 613 1018 684 24

438 851 514 897 vero
538 830 693 916 epistolae
716 830 805 909 illae,
828 854 910 916 quae
933 835 1082 911 exstant,
1110 830 1193 897 nihil
1225 831 1314 898 aliud
1348 855 1407 898 nos
1440 834 1557 900 dooent

438 958 500 1022 nisi
529 958 656 1022 Tironis
690 981 763 1022 enm
797 958 894 1022 fuisse
928 959 1192 1024 amantissimum.
1218 959 1244 1042 ¹)
1280 959 1418 1026 Illumne
1452 960 1556 1047 igItur

439 1082 541 1146 virum
566 1087 631 1146 tam
655 1105 769 1166 parum
792 1084 830 1147 de
853 1088 921 1146 arte
946 1083 1086 1147 oratoria
1109 1082 1294 1162 sollicitum,
1317 1085 1372 1170 qui
1380 1085 1447 1170 jam
1461 1107 1555 1169 prae-

437 1206 549 1284 torius,
573 1229 647 1270 mox
669 1206 813 1272 Caesaris
835 1207 962 1292 legatus
983 1209 1017 1271 in
1041 1208 1163 1273 Gallias
1186 1213 1268 1273 esset
1293 1208 1503 1293 profecturus,
1516 1210 1555 1274 da

437 1329 561 1395 ratione
584 1330 786 1414 eloquentiae
809 1333 932 1397 erudire
955 1336 1052 1417 amus
1066 1334 1189 1420 magnis
1209 1333 1376 1397 conatibus
1389 1355 1554 1398 erroneam

438 1453 476 1518 de
499 1457 627 1519 oratore
650 1457 842 1520 sententiam
866 1457 1015 1522 dedocere
1039 1456 1142 1522 voluit
1165 1455 1299 1522 Cicero?
1316 1457 1554 1521 -Mirandum

439 1587 523 1647 certe
547 1604 609 1646 non
634 1585 682 1645 est
706 1582 801 1665 quod,
826 1603 897 1644 oum
921 1581 1171 1646 Marouseodem
1191 1603 1287 1658 anno,
1299 1603 1363 1665 quo
1375 1581 1555 1663 composuit

439 1707 539 1771 libros
564 1708 622 1770 »de
646 1706 800 1770 01ur0re’¹
827 1705 922 1769 etiam
947 1710 1013 1770 tres
1035 1706 1135 1770 libros
1157 1707 1300 1770 versibus
1324 1705 1483 1780 edidisset,
1499 1705 1555 1788 qui

440 1832 499 1895 »de
523 1831 720 1914 temporibus
744 1829 843 1895 meis’'
863 1829 1120 1895 inscribebantur
1132 1833 1169 1914 ²),
1193 1834 1366 1914 utrumque
1379 1851 1457 1912 opus
1469 1851 1503 1892 se
1515 1829 1554 1892 ad

439 1955 611 2019 Lentulum
637 1956 806 2019 missurum
830 1977 897 2019 esse
919 1954 1109 2038 pollicetur3
1131 1955 1165 2018 in
1194 1953 1338 2037 epistolis
1373 1957 1479 2017 autem
1515 1953 1554 2017 ad

440 2079 594 2155 Quintum
618 2081 761 2157 fratrem,
784 2080 822 2143 de
846 2079 989 2144 versibus
1012 2083 1138 2144 tantum
1162 2081 1200 2144 fit
1225 2079 1361 2142 mentio:
1385 2077 1424 2142 de
1448 2081 1556 2142 orato·

423 2204 495 2287 ¹riis
519 2205 608 2268 libris
632 2199 706 2270 οὐδὲ
725 2210 793 2290 γρῦ.

484 2329 591 2415 Igitur
614 2329 755 2393 caritatis
780 2328 851 2404 fuit,
879 2327 940 2391 nisi
963 2327 1071 2404 fallor,
1093 2327 1316 2412 fraternaeque
1327 2328 1458 2411 pietatis
1470 2305 1555 2411 quod

437 2452 537 2518 libros
561 2453 634 2517 illos
657 2452 776 2527 Quinto
799 2451 932 2516 dicavit:
957 2473 1052 2515 eausa
1075 2473 1150 2516 vero
1174 2455 1284 2536 atque¹
1304 2451 1377 2516 finis
1407 2452 1555 2536 scriptio·

437 2577 487 2640 nis
511 2576 637 2640 aliunde
660 2576 850 2659 repetendus
873 2579 931 2639 est.

483 2700 565 2776 Quid
588 2702 709 2787 igitur?
733 2699 857 2764 Illudne
880 2703 1069 2777 statuamua
1092 2698 1175 2763 nihil
1198 2700 1285 2765 alind
1307 2701 1445 2767 voluisse
1465 2699 1554 2767 Cioe-

437 2848 558 2902 ronam,
571 2826 633 2889 nisi
656 2847 853 2888 summorum
877 2827 1041 2889 oratorum
1065 2824 1173 2889 divina
1196 2824 1281 2890 dista
1304 2826 1422 2890 litteris
1446 2832 1551 2891 eusto-

438 2950 514 3026 dire,
539 2948 643 3013 Crassi
665 2948 863 3032 Antoniique
890 2948 1018 3012 laudem
1041 2949 1109 3031 jam
1144 2970 1242 3033 prope
1276 2954 1489 3014 senescentem
1512 2950 1552 3014 ab

438 3074 598 3139 oblivione
621 3072 803 3136 vindicare?
827 3071 911 3136 Nam
933 3072 1014 3136 illud
1038 3094 1165 3156 quoque
1188 3073 1281 3137 initio
1305 3072 1347 3136 lli
1364 3073 1439 3138 libri
1452 3074 1553 3158 signi·

437 3201 532 3264 ficare
546 3198 680 3261 videtur.
694 3197 828 3260 Pietatis
845 3195 945 3280 igitur
957 3196 1063 3279 potius
1076 3199 1173 3279 atque
1198 3197 1369 3261 memoriae
1393 3196 1553 3282 specimen

438 3323 529 3387 nobis
552 3322 640 3386 dedit
664 3321 750 3384 hisee
773 3319 981 3397 sermonibus,
995 3342 1091 3404 quam
1106 3320 1283 3404 sapientiae
1295 3323 1328 3384 et
1341 3321 1551 3386 eruditionis?

437 3447 519 3511 Sane
543 3451 574 3509 et
598 3444 776 3528 Xenophon
800 3443 833 3506 in
860 3442 1119 3507 Memorabilibus
1144 3447 1176 3507 ot
1206 3443 1301 3509 Plato
1323 3444 1356 3508 in
1390 3444 1553 3510 nonnullis

438 3571 573 3656 dialogis
596 3569 734 3653 genuina
758 3568 905 3653 magistri
928 3568 1014 3631 diota
1037 3568 1234 3650 posteritatis
1258 3568 1429 3632 memoriae
1452 3568 1552 3632 tradi·

437 3697 520 3759 disse
543 3694 781 3759 existimantur:
798 3715 875 3754 num
900 3691 1053 3774 ejusmodi
1065 3691 1186 3775 aliquid
1198 3690 1259 3756 hou
1269 3691 1340 3757 loeo
1352 3691 1390 3755 de
1402 3690 1553 3756 Cicerone

437 3817 660 3902 opinabimur?
683 3816 815 3880 Minime
842 3836 924 3880 vero.
952 3854 991 3862 —-
1016 3813 1218 3899 Quamquam
1240 3837 1402 3881 sermones
1430 3815 1479 3881 illi
1503 3816 1553 3880 in-

437 3941 595 4007 choantur
618 3940 678 4004 has
702 3938 856 4002 formula:
883 3938 965 4015 albi,
988 3941 1025 4002 ut
1048 3961 1087 4003 ex
1111 3939 1246 4022 pristino
1271 3961 1415 4005 sermone
1427 3940 1551 4004 relaxa·

437 4071 550 4131 rentur¹
571 4065 670 4129 animi
694 4065 854 4141 omnium,
879 4062 1003 4126 solebat
1025 4061 1121 4126 Cotta
1144 4085 1289 4141 narrare,
1314 4061 1463 4129 Crassum
1486 4087 1553 4129 ser·

472 4373 500 4434 l)
519 4369 592 4422 Fam.
611 4371 628 4422 l.
649 4367 717 4421 XVI.
738 4369 766 4434 8,
787 4369 834 4433 16,
853 4367 901 4432 26,
920 4367 962 4419 27.

471 4462 500 4528 2)
515 4458 568 4513 cfr.
587 4460 649 4512 tam.
668 4457 688 4512 I.
708 4459 733 4514 9.
