3406 5496
1010 670 1051 744 22

471 890 542 958 dem
565 889 722 976 petitione
745 887 854 956 fratris
878 891 1008 974 majoris
1030 889 1176 976 vestigiis
1199 885 1366 966 institisse,
1392 928 1433 936 -
1457 910 1531 951 nam
1557 890 1590 952 et

471 1023 622 1102 quaestor
635 1022 666 1081 et
683 1016 793 1081 aedilis
805 1020 837 1081 et
849 1021 978 1100 praetor
991 1015 1053 1080 fuit
1066 1055 1100 1064 -—
1121 1016 1175 1080 sed
1187 1014 1316 1079 minime
1328 1014 1471 1078 fraterna
1484 1012 1589 1098 gloria

470 1141 643 1206 excitatum
666 1163 733 1205 esse
756 1141 795 1204 ad
818 1141 925 1204 studia
948 1142 1097 1205 oratoria.
1120 1140 1192 1205 Non
1216 1161 1235 1203 a
1258 1139 1359 1203 Musis
1382 1138 1588 1214 abhorrebat,

471 1267 525 1331 sed
549 1266 674 1330 colebat
699 1266 946 1330 mansuetiores:
972 1270 1068 1349 poeta
1090 1265 1168 1342 fnit,
1193 1265 1220 1329 si
1243 1266 1327 1329 forte
1350 1287 1415 1330 non
1435 1267 1586 1350 optimus

471 1394 615 1455 atcerte
639 1389 777 1474 ingenii,
801 1394 837 1452 ut
861 1390 962 1472 sirint,
986 1391 1183 1454 feracissimi.
1197 1389 1289 1466 Quid,
1306 1391 1390 1474 quod
1402 1392 1587 1457 incredibile

472 1515 569 1590 dictu,
592 1514 679 1578 intra
691 1512 769 1578 XVI
793 1514 858 1578 dies
883 1552 922 1562 —
948 1518 985 1578 nt
1007 1516 1041 1578 in
1064 1515 1200 1599 quadam
1223 1515 1325 1579 Marci
1348 1515 1484 1598 epistola
1504 1517 1586 1602 legi-

470 1661 541 1702 mns
568 1677 607 1687 —
633 1642 770 1721 quatuor
794 1638 921 1721 scripsit
932 1639 1121 1726 tragoedias
1144 1639 1172 1722 1)
1196 1639 1336 1704 Lucretii
1353 1644 1502 1722 poemata
1514 1641 1587 1704 dili-

470 1767 584 1848 genter
608 1762 785 1840 volutabat,
797 1761 824 1848 1)
848 1766 880 1826 et
904 1786 975 1828 cnm
1000 1764 1039 1827 ad
1069 1763 1213 1828 Marcum
1244 1763 1405 1842 scriberet,
1430 1768 1585 1848 qnantum

471 1912 510 1953 ex
533 1890 628 1972 hujus
653 1889 812 1973 responsis
834 1887 986 1971 colligere
1008 1886 1095 1964 licet,
1128 1909 1191 1950 non
1215 1887 1375 1952 orationes
1398 1889 1452 1952 sed
1477 1911 1586 1953 versus

472 2013 533 2078 sibi
557 2013 710 2098 rogabat!
736 2013 830 2098 »Ego
855 2017 886 2077 te
911 2013 1062 2089 libenter,
1087 2016 1124 2075 ut
1143 2034 1255 2098 rogas,
1280 2012 1396 2095 quibus
1419 2014 1514 2079 rebus
1538 2017 1586 2080 vis

472 2137 630 2220 adjuvabo
666 2141 698 2202 et
733 2138 792 2202 tibi
823 2160 946 2214 versus,
974 2159 1053 2220 qnos
1089 2157 1183 2221 rogas
1217 2130 1327 2218 γλαῦκ’
1364 2135 1409 2210 εἷς
1443 2131 1587 2225 Ἀθήνας

472 2262 631 2326 mittam.'’
645 2263 671 2344 ³)
695 2261 744 2325 De
766 2261 909 2327 historiis
932 2283 1059 2345 quoque
1083 2260 1314 2325 conscribendis
1338 2260 1509 2345 aliquando
1532 2285 1586 2327 co·

472 2385 601 2468 gitavit:
627 2383 853 2450 Callisthenem
878 2386 962 2449 enim
987 2389 1018 2448 et
1048 2384 1222 2448 Philistum
1253 2385 1401 2450 manibus
1428 2387 1586 2453 versabat.

472 2508 522 2573 En
546 2508 622 2592 quid
644 2509 772 2574 Marcus
796 2510 834 2574 de
870 2532 907 2573 eo
930 2509 1063 2574 consilio
1096 2508 1248 2572 senserit!
1277 2508 1389 2584 »Quod
1424 2511 1588 2589 adscribis,
1684 2595 1685 2600 ἵ

475 2634 593 2719 inquit,
616 2635 843 2720 aggrederisne
864 2635 903 2698 ad
926 2632 1116 2697 historiam?
1129 2655 1178 2696 me
1191 2635 1319 2696 auctore
1331 2637 1455 2716 potes.’'
1469 2637 1494 2722 ⁸)
1516 2636 1588 2700 Fri·

473 2757 548 2842 gida
571 2780 647 2822 sane
670 2758 867 2835 exhortatio,
893 2762 989 2843 atque
1013 2757 1180 2822 mediocris
1203 2757 1336 2820 fraterni
1358 2757 1480 2843 ingenii
1504 2760 1588 2824 exis-

472 2881 609 2959 timelio,
633 2921 671 2930 —
697 2883 723 2946 si
748 2885 854 2946 tamen
879 2882 917 2947 de
953 2881 1151 2947 exhortando
1185 2881 1410 2946 deterrendove
1433 2883 1586 2948 historico

470 3005 553 3068 idem
577 3011 684 3070 censet
708 3006 834 3071 Marcus
857 3030 894 3072 ac
916 3028 973 3089 per
996 3004 1099 3069 Crassi
1123 3026 1292 3088 personam
1303 3004 1342 3068 de
1354 3009 1481 3070 oratore
1492 3007 1583 3071 dicit:

470 3127 526 3193 »Si
548 3129 728 3214 intelligam
753 3152 845 3213 posse
868 3131 908 3194 ad
932 3152 1071 3194 summos
1094 3129 1272 3213 pervenire,
1294 3150 1359 3193 non
1382 3130 1484 3194 solum
1508 3131 1583 3195 hor·

467 3252 570 3329 tabor,
596 3256 631 3316 ut
655 3252 808 3331 elaboret,
830 3254 884 3318 sed
908 3254 1015 3330 etiam,
1038 3253 1065 3316 si
1087 3253 1134 3316 vir
1147 3273 1274 3335 quoque
1290 3252 1392 3316 honus
1406 3254 1483 3318 mihi
1497 3255 1582 3320 vide-

466 3377 520 3438 tur
544 3398 623 3452 esse,
634 3377 806 3441 obsecrabo
817 3426 823 3441 .
834 3427 841 3441 .
852 3428 877 3441 ..
902 3377 951 3441 sin
972 3375 1141 3453 videbitur,
1157 3397 1229 3440 curn
1243 3377 1350 3441 omnia
1364 3401 1488 3443 summa
1499 3379 1581 3444 fece·
1681 3419 1682 3422 =

465 3499 518 3576 rit,
544 3504 651 3564 tamen
675 3503 715 3564 ad
739 3501 911 3566 mediocres
937 3505 1080 3565 oratores
1104 3523 1172 3564 esse
1196 3503 1367 3579 venturus,
1394 3505 1579 3586 permittam

464 3621 525 3705 ipsi
549 3624 625 3708 qnid
650 3625 744 3699 velit;
768 3626 922 3690 molestus
947 3648 1063 3711 magno
1087 3647 1181 3708 opere
1206 3647 1268 3688 non
1293 3625 1379 3691 er0.’'
1404 3627 1431 3709 ⁵)

507 3745 581 3811 Non
605 3751 653 3812 est
677 3748 898 3826 dubitandum,
923 3750 1000 3833 quin
1025 3749 1094 3814 foro
1118 3771 1242 3832 semper
1276 3748 1484 3829 abstinuerit,
1515 3775 1578 3816 non

492 4159 518 4219 1)
537 4157 580 4209 Ad
599 4155 631 4220 Q.
650 4159 683 4211 fr.
702 4157 747 4212 ΙΙΙ,
767 4161 791 4212 5.

491 4243 518 4312 n)
534 4245 600 4300 nin
619 4245 651 4302 11.
670 4249 714 4300 n.

490 4335 516 4395 3)
535 4332 602 4386 lbid.
621 4333 652 4389 11.
672 4338 715 4389 16.

489 4425 515 4483 4)
534 4421 600 4476 lhid.
619 4421 651 4477 ll.
670 4426 712 4478 13.

488 4513 517 4578 5)
533 4509 573 4566 De
592 4509 637 4566 Or.
655 4510 688 4568 11.
709 4514 753 4570 85.
