3432 5498
986 633 1029 706 bt

450 845 632 938 quaerimus
667 847 744 937 quid
777 872 877 918 unum
900 851 1036 920 excellat
1063 873 1101 918 ex
1126 849 1296 931 omnibus,
1332 845 1424 918 docto
1447 848 1578 918 oratori

450 975 558 1062 palma
578 975 682 1040 danda
694 981 759 1052 est3
783 997 877 1061 quem
895 976 922 1040 si
934 975 1102 1060 patiuntur
1114 975 1249 1042 cundem
1261 975 1578 1060 essepbilosophum

450 1098 576 1165 sublata
583 1100 799 1165 controversia
811 1099 890 1164 est.''
907 1099 933 1185 ¹)
948 1098 1093 1182 Denique
1105 1097 1188 1163 sicut
1199 1097 1365 1164 aPhaedri
1377 1120 1578 1164 commemo·

448 1222 573 1288 ratione
592 1221 802 1287 exordiuntur
818 1221 852 1286 hi
868 1243 1041 1299 sermones,
1058 1220 1091 1286 in
1105 1243 1142 1286 ea
1158 1240 1285 1305 quoque
1304 1221 1440 1299 liniunt3
1458 1221 1576 1286 laudes

448 1344 534 1409 enim
570 1344 756 1424 Hortensii,
791 1349 829 1410 ut
849 1346 915 1429 jam
948 1365 1044 1429 supra
1073 1343 1274 1422 notavimus,
1297 1345 1576 1430 praedicationem

449 1469 599 1534 Isocratis
623 1468 802 1536 imitantur.

494 1590 577 1657 Sunt
599 1591 678 1657 baec
701 1593 778 1671 fere,
799 1593 833 1657 in
856 1591 972 1676 quibus
995 1589 1141 1656 Platonis
1163 1589 1246 1654 liber
1269 1590 1432 1656 Phaedrus
1455 1597 1489 1656 et
1511 1592 1576 1656 Di·
1700 1649 1701 1686 ,

449 1713 537 1801 alogi
559 1715 598 1780 de
621 1713 758 1780 Oratore
781 1715 865 1782 inter
889 1737 923 1780 so
946 1718 1144 1800 congruunt,
1174 1714 1201 1778 si
1226 1714 1363 1780 formam
1386 1718 1514 1779 tantum
1539 1720 1576 1780 et
1700 1733 1701 1812 ᾗ

450 1836 662 1904 elocutionem
685 1844 876 1922 spectamus.
899 1837 989 1912 Quod
1014 1837 1042 1902 si
1063 1838 1240 1902 sententias
1255 1841 1289 1903 et
1304 1837 1482 1902 doctrinam
1495 1860 1577 1903 con·
1700 1817 1701 1842 ³

449 1960 642 2028 sideramus:
673 1963 875 2046 perspicuum
899 1965 947 2025 est
978 1960 1028 2038 id,
1052 1961 1138 2044 quod
1160 1960 1245 2045 apud
1267 1959 1451 2027 Ciceronem
1473 1966 1575 2046 caput

449 2089 512 2148 est:
537 2084 716 2151 >neminem
739 2084 923 2169 eloquentia
945 2086 1013 2149 sine
1036 2084 1267 2169 omniquidem
1283 2085 1442 2170 sapientia
1457 2086 1575 2152 llorere

450 2228 590 2291 unquam
613 2213 646 2273 et
665 2213 828 2294 praestare
847 2207 1022 2294 potuisse”,
1047 2247 1087 2257 -—
1112 2208 1215 2274 multo
1239 2209 1343 2274 acrius
1365 2211 1399 2275 in
1422 2210 1573 2277 Phaedro

448 2349 545 2414 quam
561 2329 595 2393 in
614 2329 734 2417 Gorgia
757 2331 893 2396 defendi.
917 2331 1001 2396 Nam
1024 2331 1058 2396 in
1080 2331 1137 2396 illo
1154 2332 1283 2417 quidem
1305 2333 1433 2420 dialogo
1454 2334 1493 2412 ii,
1513 2336 1573 2420 qui

447 2450 664 2535 eloquentiam
674 2453 825 2519 scientiae
838 2460 1000 2539 expertem
1023 2455 1209 2534 defendunt,
1233 2459 1290 2520 aut
1313 2461 1495 2542 arguuntur
1517 2457 1571 2521 in·

448 2575 649 2640 constantiae
671 2581 729 2640 aut
751 2599 870 2662 pravae
891 2579 1150 2664 perniciosaeque
1179 2578 1344 2644 facultatis
1366 2580 1574 2645 commenda-

441 2697 534 2768 tione
557 2698 804 2779 convincuntur,
826 2702 860 2766 in
883 2702 944 2768 huc
967 2723 1041 2770 vero
1062 2702 1172 2768 multis
1189 2702 1366 2768 rationibus
1389 2700 1571 2768 ostenditur

449 2843 546 2907 quam
561 2828 757 2889 necessariae
779 2825 845 2890 siut
859 2826 1127 2914 philosophorum
1143 2825 1378 2910 inquisitiones,
1390 2828 1428 2889 ut
1441 2825 1574 2890 omuino

448 2945 657 3030 probabiliter
679 2946 769 3030 loqui
792 2953 825 3014 et
837 2950 1026 3033 persuadere
1037 2951 1109 3035 quis
1128 2950 1241 3035 possit.
1265 2948 1341 3014 Ideo
1358 2948 1443 3034 quod
1459 2947 1574 3014 Cicero

449 3067 581 3146 totiens,
607 3067 686 3134 alias
710 3069 783 3135 aliis
805 3072 923 3151 verbis,
945 3075 1137 3158 pronunciat
1159 3074 1377 3151 >Orationem
1401 3073 1428 3138 si
1444 3094 1573 3138 resnon

449 3192 552 3257 subsit
575 3193 617 3257 ab
640 3199 767 3260 oratore
790 3203 943 3283 percepta
965 3202 998 3263 et
1021 3199 1165 3284 cognita,
1188 3201 1245 3263 aut
1267 3197 1356 3262 nulla
1379 3197 1423 3262 sit
1444 3217 1573 3262 necesse

449 3335 516 3382 esse
532 3318 589 3379 aut
600 3316 743 3380 omnium
754 3317 902 3382 irrisione
921 3319 1009 3384 ludi”
1025 3357 1063 3368 -
1076 3321 1108 3385 id
1121 3342 1253 3406 prorsus
1269 3321 1417 3386 convenit
1432 3341 1505 3386 cum
1522 3342 1571 3424 eo,

449 3437 535 3521 quod
554 3437 648 3502 Plato
671 3441 924 3526 respondendum
948 3464 1016 3507 esse
1038 3444 1237 3510 demonstrat
1259 3443 1300 3508 ad
1324 3443 1409 3510 hanc
1430 3444 1572 3528 quaesti-

449 3581 560 3625 onem:
573 3556 641 3648 ’Ap’
654 3550 714 3628 οὖν
730 3557 893 3652 ὑπάρχειν
905 3569 957 3630 δεῖ
970 3575 1037 3640 τοῖς
1049 3555 1088 3632 εὖ
1100 3591 1135 3650 γε
1149 3565 1205 3633 καί
1216 3569 1320 3640 καλῶς
1331 3567 1571 3655 ῥηθησομένοις

448 3677 508 3771 τὴν
547 3689 609 3750 τοῦ
641 3687 791 3769 λέγοντος
825 3689 974 3757 διάνοιαν
1009 3691 1135 3758 εἰδυῖαν
1168 3685 1313 3780 τάληθὲς
1350 3675 1394 3756 ὧν
1417 3683 1458 3756 ἄν
1483 3683 1571 3776 ἐρεῖν

449 3814 528 3896 πέρι
550 3809 672 3897 μέλλῃς
695 3809 722 3895 ²)

493 3930 538 3996 Et
565 3933 648 3998 siout
671 3933 767 3999 Plato
791 3936 951 4015 ostendit,
973 3942 1077 4004 artem
1104 3939 1203 4018 illius,
1227 3939 1283 4024 qui
1309 3939 1490 4004 animorum
1513 3959 1571 4004 na·

450 4061 540 4122 tures
563 4060 596 4122 et
618 4058 847 4142 propensiones
871 4065 903 4125 et
927 4083 1030 4127 mores
1048 4061 1188 4148 ignoret,
1207 4062 1239 4125 id
1258 4061 1343 4146 quod
1360 4060 1483 4146 expetit
1494 4082 1569 4126 uon·

450 4180 540 4265 sequi
568 4202 634 4245 non
667 4203 781 4265 posse,
813 4184 1069 4267 quandoquidem
1104 4185 1227 4250 dicendi
1261 4185 1340 4250 artis
1368 4184 1411 4249 sit
1446 4184 1570 4249 animos

450 4339 610 4352 -Q

486 4447 512 4512 l)
530 4444 570 4502 De
588 4445 632 4502 Or.
650 4445 693 4504 Ill.
712 4449 772 4506 lla.
792 4476 826 4489 ·-
843 4448 874 4505 P.
891 4452 943 4506 278
962 4449 991 4506 Ο.
1009 4453 1036 4524 2)
1054 4451 1084 4508 Ρ.
1101 4452 1156 4508 259
1176 4450 1205 4509 E.
1225 4481 1259 4492 -
1278 4450 1318 4508 De
1336 4449 1383 4510 Or·
1400 4451 1422 4508 l.
1441 4451 1485 4522 50,
