3432 5498
660 647 725 730 108

135 861 290 928 sentiam'’
327 901 368 916 -
398 863 478 930 mihi
513 864 642 950 quidem
666 887 790 951 semper
812 864 846 930 iu
878 863 1065 932 memoriam
1094 850 1252 930 reducunt

134 985 224 1050 illum
248 986 501 1071 ineptissimum:
527 982 544 1054 vi
565 991 784 1078 Θρασύμαχος
796 983 937 1076 φανερὸς
948 983 1014 1073 μὲν
1025 973 1064 1076 ἦν
1075 985 1253 1072 ἐπιθυμῶν

136 1107 264 1186 εἰπεῖν,
291 1105 336 1176 ἵν’
365 1106 606 1200 adclamationes
636 1108 813 1201 viroviacum
849 1111 936 1194 ἔχειν
970 1105 1143 1198 ἀπόκρισιν
1170 1135 1253 1194 παγ-

134 1231 244 1319 κάλην,
258 1233 430 1318 —quippe
450 1236 506 1319 qui
524 1237 626 1302 dicere
641 1237 813 1322 incipiens:
834 1236 942 1302 Ἄκουε
958 1239 1006 1322 δῇ,
1030 1222 1049 1323 ἦ
1073 1229 1147 1309 δ’ὅς.
1171 1238 1254 1324 appi

135 1350 193 1442 γὰρ
217 1351 279 1440 ἐγώ
298 1384 327 1422 ιι.
351 1382 379 1424 ι.
403 1359 429 1426 ἐ.
451 1360 478 1446 ¹)

178 1479 346 1546 Postremo
370 1503 466 1547 unam
488 1484 648 1566 proferam
672 1483 929 1560 similitudinem,
954 1503 1052 1565 quam
1075 1481 1162 1547 haud
1185 1482 1254 1547 lor-

136 1603 219 1670 tuito
243 1627 317 1670 casu
339 1606 502 1690 irrepsisse
525 1608 638 1691 quovis
661 1608 795 1693 pignore
819 1605 1047 1672 contenderim.
1080 1605 1171 1669 »Tua
1193 1606 1255 1671 fuit

137 1727 238 1794 oratio
260 1729 439 1813 ejusmodi,
472 1730 579 1814 inquit
602 1732 686 1814 apud
710 1729 894 1796 Ciceronem
923 1728 1097 1805 Scaevola,
1124 1751 1189 1794 non
1217 1733 1254 1794 ut

137 1850 234 1916 ullam
258 1855 360 1918 artem
384 1853 601 1919 doctrinamve
624 1858 853 1931 contemneres,
877 1853 932 1916 sed
947 1857 1106 1918 utomnes
1121 1852 1253 1918 comites

137 1995 173 2038 ac
195 1977 468 2042 ›mindtratriecs”
492 1978 628 2042 oratoris
652 2000 719 2043 esse
742 1976 893 2044 diceres.''
915 1974 1121 2040 Admiramur
1144 1997 1254 2040 omnes

137 2120 245 2164 vocem
268 2098 448 2176 insolitam
476 2123 570 2166 nemo
594 2100 696 2178 delet,
728 2122 810 2185 quae
840 2121 904 2164 non
929 2069 1083 2162 libiorum
1114 2099 1176 2166 fide
1198 2101 1253 2164 sed

137 2221 234 2286 Nonii
257 2223 441 2288 testimonio
464 2225 506 2288 sit
531 2224 747 2309 comprobata.
783 2222 849 2288 Cur
878 2243 915 2286 aa
946 2243 1023 2285 usus
1046 2223 1095 2284 est
1119 2220 1252 2286 Cicero?

138 2343 318 2422 Nimirum,
357 2346 433 2429 quia
468 2347 501 2410 in
537 2351 643 2411 mente
677 2350 747 2412 erat
779 2345 895 2423 Plato,
938 2367 1003 2409 non
1037 2344 1253 2428 eloquentiam

137 2467 190 2532 sed
215 2468 413 2533 dialecticam
438 2469 571 2534 mirifico
593 2492 772 2548 exornans,
804 2473 967 2554 tamquam
991 2488 1073 2553 quae
1096 2471 1179 2532 esset
1210 2505 1251 2516 -

137 2597 320 2678 συνερίθοις
357 2594 412 2657 καὶ
452 2603 731 2680 συμπεριαγωγοῖς
769 2592 940 2680 χρωμένη,
983 2581 1034 2665 αἷς
1072 2589 1252 2678 διήλθομεν

136 2720 271 2796 τέχναις.
300 2715 395 2801 Apud
418 2716 601 2783 Ciceronem
625 2718 710 2783 enim
735 2720 849 2783 »docto
872 2717 1015 2783 oratori''
1045 2715 1153 2800 palma
1176 2734 1276 2778 oon·-

136 2839 276 2914 oeditur;
308 2841 393 2924 apud
423 2841 589 2906 Platonem
613 2864 687 2906 vero
710 2842 766 2907 uui
789 2839 974 2907 dialecticae
999 2839 1107 2904 omnis
1128 2858 1253 2902 summa

138 2965 333 3032 tribuuntur.

175 3077 235 3179 ‘Ap’
262 3076 321 3158 odo
346 3095 515 3169 δανεῖσαι,
539 3090 622 3180 ἔφην
645 3084 723 3173 e'yoi,
749 3084 860 3175 ὥσπερ
888 3092 1088 3158 erretur
1107 3093 1175 3159 τοῖς
1193 3108 1252 3168 μα-

138 3209 321 3304 &panormi
348 3209 528 3302 διαλεκτικὴ
548 3208 625 3302 ἡμῖν
647 3213 759 3280 ἐπάνω
786 3217 939 3290 κεῖσθαι,
962 3210 1019 3277 καί
1040 3205 1144 3278 οὐκέτ’
1172 3209 1252 3277 ἄλλα

135 3339 251 3405 τούτου
274 3338 418 3426 μάθημα
438 3335 588 3425 ἀνωτέρω
612 3333 718 3425 ὀρθῶς
741 3330 783 3402 ἂν
807 3334 1045 3414 ἐπιτίθεσθαι,
1080 3327 1142 3401 ἀλλ
1165 3332 1253 3415 ἔχειν

19 3491 20 3558 j
136 3465 193 3554 ἤδη
223 3471 379 3534 ΤΕΛΟΣ
397 3460 438 3529 soi
460 3469 526 3530 τῶν
547 3461 770 3550 μαθηματωνς
792 3454 915 3544 Ἐμαιγ’
935 3457 1010 3547 ἔφη.
1024 3459 1051 3544 ²)

180 3736 288 3818 Atque
321 3734 396 3798 hinc
429 3731 532 3796 facilis
566 3733 615 3793 est
648 3727 804 3791 transitus
839 3726 877 3789 ad
911 3724 1002 3788 illum
1026 3724 1150 3800 locum,
1187 3745 1252 3806 quo

137 3857 416 3942 investigationem
440 3854 523 3919 hano
546 3853 584 3918 de
606 3851 787 3917 imitatione
809 3849 907 3913 Tullii
930 3868 1121 3930 omnemque
1144 3821 1253 3930 dispu-

136 3981 290 4046 tationem
314 3983 459 4044 nostram
482 3977 693 4042 absolvamus.
720 3974 874 4057 Superest
890 3971 974 4036 enim
988 3974 1025 4036 ut
1037 3971 1252 4046 observemus,

139 4229 298 4240 ——u-

173 4381 709 4454 namna-mmmm

173 4473 490 4542 semema
