3432 5498
686 653 749 725 107

155 868 580 951 scientiam.›1deassolas,
605 871 651 938 ita
674 871 812 952 Tullius,
836 879 868 940 et
892 869 984 962 gigni
1010 873 1110 957 negat
1123 867 1218 935 Plato
1242 869 1275 934 et

154 997 200 1062 ait
221 1017 347 1081 semper
369 1017 438 1062 esse
460 1016 498 1061 ao
520 997 645 1062 ratione
664 1001 697 1062 et
723 997 944 1086 intelligentia
967 995 1147 1071 contineri3
1170 997 1276 1059 cetera

153 1120 251 1198 nasci,
274 1119 425 1196 occidere,
448 1120 569 1198 fluere,
598 1119 665 1185 labi
691 1143 750 1186 nec
773 1122 896 1188 diutius
928 1141 997 1187 esse
1020 1139 1086 1184 uno
1110 1121 1143 1182 et
1166 1116 1276 1182 eodem

151 1243 272 1310 statu.”
297 1243 324 1328 1)
347 1242 436 1308 Haec
458 1246 567 1309 autem
597 1241 784 1310 dialecticae
818 1246 913 1311 initia
945 1267 966 1310 a
999 1242 1137 1308 Pleione
1170 1240 1278 1325 posita

152 1365 346 1432 Aristoteles
367 1367 415 1432 ita
437 1368 528 1432 anxit
563 1371 661 1453 atque
684 1367 846 1445 excoluit,
877 1373 914 1433 ut
948 1367 1052 1433 omnis
1083 1364 1277 1452 cognitionis

152 1488 331 1554 doctrinam
368 1490 402 1554 in
429 1491 589 1574 perfectae
624 1492 703 1556 artis
743 1491 881 1557 termam
912 1490 1081 1576 redigeret.
1116 1486 1151 1551 Is
1180 1486 1277 1563 enim,

152 1633 217 1696 qno
251 1634 344 1678 nemo
378 1613 461 1679 forte
498 1635 639 1699 unquam
673 1615 737 1680 fuit
761 1615 893 1702 ingenio
928 1611 1167 1698 praestantior,
1200 1607 1276 1673 Pla·

151 1734 237 1799 tonis
266 1735 443 1800 doctrinam
481 1736 520 1799 de
547 1736 732 1802 definitione
762 1737 982 1821 divisioneque
1005 1732 1199 1819 complevit,
1221 1731 1277 1795 de·

153 1858 395 1923 monstrationis
416 1859 535 1924 formas
559 1863 592 1923 et
616 1857 738 1943 figuras
762 1859 960 1942 multiplices
983 1857 1174 1941 explicavit,
1208 1853 1278 1918 veri

153 1980 289 2064 falsique
312 1981 506 2064 dijudicandi
530 1982 598 2046 vias
622 1981 800 2058 indicavit;
824 1982 864 2046 ad
893 1985 1019 2046 tantam
1046 1980 1183 2065 denique
1206 1998 1279 2062 per-

152 2091 321 2168 sectionem
332 2103 416 2170 hanc
427 2107 530 2169 artem
555 2106 673 2183 evexit,
696 2109 733 2169 ut
747 2105 835 2170 illius
847 2106 1027 2189 praeceptis
1039 2105 1093 2169 vix
1106 2104 1278 2189 quicquam

154 2226 274 2309 posteri
295 2226 410 2292 addere
432 2228 610 2311 potuerint.

197 2350 271 2415 Jam
294 2349 402 2416 nullus
425 2351 549 2430 dubito,
573 2350 651 2434 quin
667 2351 795 2416 Tullius
819 2353 847 2417 si
871 2350 1079 2418 Aristotelem
1092 2352 1279 2452 audivisset,

157 2474 294 2557 paulove
309 2478 383 2559 post
395 2497 467 2540 eum
480 2475 642 2540 floruisset
655 2475 785 2540 tertiam
801 2475 892 2540 illam
909 2476 1133 2561 philosophiae
1156 2480 1280 2561 partem

157 2598 276 2664 oratori
292 2619 350 2663 suo
362 2598 515 2663 acerrime
531 2598 749 2662 vindicaturus
760 2598 869 2666 fuerit.
884 2598 1007 2664 Verum
1027 2620 1099 2663 cum
1117 2619 1167 2662 res
1185 2619 1279 2681 prae·

158 2719 241 2786 clare
252 2742 286 2785 se
297 2720 443 2798 haberet,
455 2719 602 2804 nihilque
614 2725 709 2797 esset,
725 2720 809 2804 qnod
822 2688 906 2786 Zeno
918 2725 1116 2788 commutare
1127 2721 1274 2806 gestiret,

157 2849 193 2908 ut
226 2843 274 2908 ait
307 2843 452 2921 Tullius,
473 2843 500 2925 2)
534 2865 644 2907 omnes
679 2865 761 2926 quae
795 2843 837 2907 ab
875 2845 1050 2910 Aristotele
1080 2850 1170 2910 ortae
1206 2849 1281 2910 sunt

155 2966 282 3031 scholae
312 2966 346 3031 in
377 2966 445 3034 hac,
468 2969 539 3030 arte
565 2966 765 3031 habitarunt.
800 2965 874 3032 Non
913 2968 998 3033 enim
1032 2970 1073 3033 ab
1104 2968 1282 3034 Aristotele

155 3090 208 3154 sed
237 3111 258 3153 a
281 3089 425 3175 Diogene
445 3089 554 3155 Stoico
586 3089 760 3154 disserendi
794 3093 896 3154 artem
934 3092 1111 3159 didicerunt
1144 3093 1282 3159 Romani

157 3212 311 3278 homines.
335 3213 420 3278 Nam
443 3212 544 3278 Stoici
563 3212 665 3277 multo
691 3213 795 3299 magis
817 3235 915 3296 quam
939 3220 997 3280 aut
1020 3217 1202 3282 Academici
1225 3221 1282 3281 aut

156 3337 362 3422 Peripatetici
394 3337 568 3403 disserendi
599 3341 701 3402 artem
736 3335 896 3402 colebant.
927 3337 974 3403 At
1001 3362 1065 3424 qua
1093 3339 1283 3424 prudentia?

158 3463 341 3530 Ciceronem
363 3464 481 3528 iterum
505 3462 681 3529 audiamus.
707 3460 809 3528 »Cum
831 3462 937 3528 omnis
960 3463 1045 3528 ratio
1067 3463 1207 3549 diligens
1217 3462 1284 3526 dis-

158 3584 292 3664 serendi,
308 3585 425 3670 inquit,
444 3586 523 3650 duas
538 3585 658 3650 habeat
680 3589 798 3669 partes,
822 3607 919 3649 unam
941 3586 1135 3664 inveniendi,
1147 3585 1283 3653 alteram

155 3708 329 3792 judicandi,
340 3708 508 3794 utriusque
519 3709 677 3793 princeps,
690 3712 727 3773 ut
739 3707 819 3772 mihi
831 3707 959 3790 quidem
967 3710 1104 3788 videtur,
1118 3710 1281 3774 Aristote-

159 3831 204 3897 les
213 3832 284 3898 fuit.
297 3831 397 3899 Stoici
407 3838 515 3899 autern
524 3834 557 3897 in
565 3834 668 3898 altera
677 3831 939 3897 elaboraverunt:
946 3831 1111 3916 judicandi
1121 3834 1207 3898 enim
1216 3833 1285 3898 vias

164 3954 336 4041 diligenter
359 3958 518 4041 persecuti
541 3960 618 4021 sunt
639 3979 677 4020 ea
700 3953 852 4030 scientia,
876 3975 973 4036 qnam
996 3955 1198 4042 διαλεκτικήν
1221 3978 1280 4040 ap·

163 4075 304 4163 pellant,
326 4079 510 4145 inveniendi
533 4084 648 4157 artem,
676 4100 759 4164 quae
781 4075 904 4163 τοπική
923 4075 1060 4155 dicitur,
1083 4099 1165 4162 quae
1189 4081 1223 4143 et
1245 4077 1286 4142 ad

197 4376 225 4446 1)
245 4379 290 4435 Or.
309 4381 355 4434 10.

198 4466 225 4537 ὓ)
243 4467 283 4524 De
303 4466 362 4523 lin.
381 4467 399 4522 l.
417 4465 463 4522 IV.
482 4468 507 4527 8.
