3432 5498
678 654 720 724 83

140 877 176 942 οἱ
193 881 342 952 νικῶντες
356 871 413 948 τὰς
434 872 560 956 γνώμας
584 873 663 957 περὶ
685 870 810 936 τούτων
825 867 965 955 -quod
982 869 1135 957 exemplis
1154 874 1260 937 osten·

139 999 239 1064 debat
268 997 467 1063 domesticisr
495 989 595 1061 odota
626 994 687 1082 γάρ
715 994 845 1081 δήπου,
877 989 928 1059 ὅτι
949 988 990 1060 τὰ
1013 995 1132 1083 νεώρια
1155 1000 1260 1061 ταῦτα

139 1125 198 1188 καὶ
222 1117 262 1188 τὰ
284 1129 376 1210 τείχη
399 1115 439 1187 ’τὰ
462 1115 648 1208 Ἀθηναίων
669 1120 724 1184 nui
746 1111 766 1206 ἡ
786 1123 850 1184 τῶν
869 1121 1008 1203 λιμένων
1026 1115 1209 1207 κατασκευὴ
1227 1120 1262 1186 ἐκ

139 1253 200 1334 τῆς
220 1247 477 1330 Θεμιστοκλέους
493 1245 675 1330 συμβουλῆς
691 1249 809 1325 γέγονε,
829 1235 870 1307 τὰ
888 1238 916 1308 δ’
933 1241 1039 1331 ἕντῆς
1057 1247 1263 1331 Περικλέους,

142 1365 217 1436 ἀλλ’
235 1365 292 1436 οὐκ
309 1368 343 1435 εἰι
360 1376 414 1458 τῇς
433 1374 497 1434 τῶν
508 1371 719 1457 δημιουργῶν.
734 1365 762 1452 ¹)
774 1364 920 1451 Itemque
930 1369 1016 1453 apud
1027 1373 1177 1455 aegrotos
1192 1391 1264 1436 ora·

143 1495 267 1560 tionem
290 1517 380 1559 suam
404 1491 622 1576 multomagis
634 1489 749 1567 valere,
762 1490 818 1568 ait,
831 1512 929 1574 quam
944 1491 1054 1557 fratris
1074 1493 1124 1559 sui
1140 1493 1263 1560 medici.

193 1619 266 1685 Jam
292 1619 369 1702 quid
385 1616 570 1683 Scaevolam
588 1619 700 1680 contra
719 1613 875 1682 Crassus?
900 1615 1034 1700 »Neque
1046 1617 1073 1682 si
1086 1616 1265 1696 Philonem,

146 1737 274 1827 inquit,
310 1741 401 1806 illurn
434 1741 642 1818 architectum,
677 1738 732 1822 qui
767 1737 1018 1805 Atheniensibus
1051 1745 1266 1807 armamenta·

147 1867 232 1931 riurn
257 1867 354 1943 fecit,
376 1870 504 1942 constat
533 1863 707 1950 perdiserte
737 1860 856 1947 populo
891 1865 1049 1929 rationem
1079 1867 1184 1950 operis
1217 1867 1268 1931 sui

147 1989 330 2067 reddidisse,
354 1989 601 2054 existimandum
623 1992 671 2051 est
692 1986 860 2052 architecti
877 1989 984 2071 potius
1007 1990 1144 2054 artificio
1166 1989 1266 2055 diser·

148 2121 219 2180 turn
243 2137 340 2198 quarn
363 2115 500 2179 oratoris
524 2114 630 2179 fuisse.
655 2114 732 2192 Nec,
756 2115 782 2178 si
806 2113 882 2177 huic
893 2112 937 2177 M.
953 2112 1097 2179 Antonio
1109 2136 1168 2198 pro
1184 2114 1267 2179 Her·

148 2237 281 2312 modoro
308 2237 420 2302 inisset
443 2239 479 2301 de
509 2239 665 2304 ουνοίἱνοι
688 2261 777 2322 opere
808 2236 992 2316 dicendum,
1023 2259 1099 2316 non,
1125 2260 1198 2304 cum
1225 2239 1267 2303 ab

149 2363 209 2428 illo
231 2383 358 2428 oausam
382 2362 553 2439 didicisset,
573 2362 641 2446 ipse
664 2366 775 2426 ornate
796 2363 835 2426 de
853 2361 960 2426 alieno
972 2362 1109 2427 artificio
1128 2364 1268 2447 copiose-

150 2507 214 2570 que
243 2485 383 2550 dixisset.
419 2485 532 2570 Neque
562 2508 636 2550 vero
664 2486 886 2569 Asclepiades,
916 2486 944 2550 is
977 2509 1042 2570 quo
1066 2509 1124 2552 nos
1155 2489 1268 2560 medico

151 2610 318 2693 amicoque
343 2610 395 2704 usi¹
413 2632 544 2688 snmus,
568 2611 602 2675 in
625 2632 662 2675 eo
687 2609 756 2694 ipso
779 2611 864 2695 quod
887 2583 1000 2675 ornate
1019 2610 1155 2690 dicebat,
1172 2613 1271 2679 medi·

152 2735 243 2800 cinae
268 2734 422 2800 facultate
454 2735 625 2814 utebatur,
647 2758 710 2800 non
734 2735 949 2819 eloquentia”.
985 2736 1106 2801 Eadem
1130 2758 1207 2823 ergo
1238 2743 1271 2802 et

156 2859 294 2945 Gorgias
328 2864 360 2924 et
398 2857 531 2924 Crassus
565 2859 685 2924 oratori
709 2859 875 2924 tribuunt:
907 2859 1070 2925 videamus
1107 2861 1184 2945 quid
1212 2861 1273 2926 dif-

157 2988 260 3049 erant.

202 3108 286 3174 Nam
309 3108 356 3173 ita
379 3109 507 3193 quidem
531 3107 668 3195 Gorgias
694 3103 754 3173 »od
777 3109 836 3194 γάρ
859 3107 928 3174 ἔστι
950 3109 1029 3194 περὶ
1053 3105 1130 3174 ὅτου
1153 3105 1211 3175 oria
1233 3102 1275 3176 ἂν

157 3233 389 3320 πιθανώτερον
428 3233 518 3300 εἴποι
561 3225 578 3298 ὃ
619 3227 784 3322 ῥητορικὸς
825 3227 845 3320 ἢ
887 3232 983 3307 ἄλλος
1023 3226 1172 3300 ὁστισοῦν
1212 3239 1275 3300 τῶν

158 3362 361 3446 δημιουργῶν
383 3357 419 3425 ἐν
443 3359 578 3446 πλήθει,
601 3357 629 3444 ²)
659 3379 717 3422 nec
747 3355 848 3421 multo
874 3357 968 3422 aliter
991 3355 1125 3423 Crassus
1149 3358 1275 3424 »Multo

157 3487 316 3549 oratorem
341 3482 455 3548 melius
477 3505 575 3567 quarn
586 3484 672 3569 ipsos
684 3483 768 3562 illos,
787 3505 924 3568 quorum
944 3505 999 3548 eae
1016 3483 1191 3561 statariae,
1208 3505 1277 3548 esse

157 3608 350 3673 dicturunr.”
375 3607 437 3674 Sed
460 3608 531 3673 ideo
554 3629 650 3673 causa
674 3609 759 3673 eadit
782 3612 814 3674 et
838 3629 912 3672 mox
935 3607 1170 3673 inconstantiae
1186 3629 1276 3673 coar·

159 3732 270 3819 guitur
294 3732 453 3818 Gorgias,
482 3732 578 3816 quod,
602 3755 673 3797 curn
701 3737 751 3799 tot
775 3737 930 3816 tantaque
952 3732 1072 3797 oratori
1096 3733 1278 3816 sumpserit,

160 3879 267 3921 rerum
291 3857 456 3922 scientiam
478 3856 551 3920 dein
575 3859 616 3922 ab
640 3859 750 3924 eodem
773 3857 869 3944 plane
892 3861 1072 3934 removeat;
1105 3857 1278 3922 assentitur

161 3981 246 4048 enirn
269 3981 365 4066 plane
389 3980 514 4048 Socrati
536 3982 665 4048 dicenti.
698 3975 741 4050 ‘0
769 3978 827 4048 οὐκ
859 3976 949 4054 εἰδοῖς
976 3981 1040 4069 ἄρα
1070 3986 1130 4045 τοῦ
1158 3981 1280 4055 εἰδότος

161 4104 198 4172 ἐν
221 4100 278 4171 οὐκ
297 4105 397 4172 εἰδόσι
416 4105 645 4194 πιθανώτερος
668 4103 793 4174 ἔσται..
805 4155 832 4172 ..
853 4101 937 4173 αὐτὰ
956 4107 1018 4192 μὲν
1036 4101 1077 4171 τὰ
1101 4106 1279 4193 πράγματα

162 4287 322 4297 ..-

199 4413 228 4478 t)
247 4409 275 4466 P.
295 4414 348 4465 455
367 4409 397 4478 E,
417 4413 469 4465 456
490 4411 520 4466 Α.
540 4439 574 4450 -—
591 4412 632 4468 De
651 4410 696 4468 Or.
716 4412 736 4468 Ι.
757 4416 800 4468 62.

201 4503 229 4574 i)
247 4500 277 4560 P.
296 4504 349 4558 456
366 4498 396 4556 O.
415 4529 450 4541 —
468 4501 508 4560 De
527 4499 572 4559 Or.
589 4500 610 4558 1.
628 4504 671 4560 65.
