3432 5498
960 633 1002 700 88

422 843 511 912 vabit
544 868 617 914 cnm
646 846 713 914 illis
740 845 941 926 rationibus,
976 871 1056 936 quas
1089 851 1150 918 sibi
1180 851 1349 920 videbatur
1375 819 1546 924 hotonius

423 973 519 1038 »anto
541 972 756 1057 exposuisso.''

466 1096 547 1174 Quid
568 1097 669 1183 igitur
692 1097 860 1164 Callicles?
884 1097 1008 1184 Nempe
1030 1102 1218 1169 reformidat
1241 1125 1311 1169 cam
1331 1128 1412 1190 quac
1433 1128 1470 1171 ex
1491 1107 1546 1172 ni-

421 1220 485 1286 mio
508 1220 730 1307 philosophiae
752 1223 857 1290 studio
879 1223 974 1289 facile
992 1225 1115 1291 oriatur
1133 1227 1256 1294 civibus
1271 1211 1458 1314 perniciem:
1483 1254 1545 1296 ne-

422 1368 508 1412 ccsse
530 1348 615 1413 enim
637 1371 705 1415 csse
727 1371 811 1428 oum,
835 1349 891 1433 qni
915 1349 1035 1416 diutius
1057 1351 1092 1416 in
1115 1358 1317 1433 saporantur,
1337 1355 1435 1419 etiam
1454 1355 1481 1419 si
1498 1355 1546 1420 sit

422 1469 544 1553 optimo
574 1471 704 1559 ingenio
727 1473 907 1558 praeditum
931 1475 1087 1544 »πάντων
1114 1478 1254 1566 ἄπειρον
1281 1485 1462 1563 γεγονέναι,
1497 1465 1544 1546 ὧν

421 1590 483 1683 χρὴ
498 1595 659 1686 ἔμπειροι
670 1593 756 1666 εἶναι
770 1593 828 1666 τὸν
846 1601 1007 1683 μέλλοντα
1022 1597 1123 1670 καλὸν
1140 1597 1353 1686 sciretis-ani
1369 1597 1545 1688 εὐδόκιμον

423 1723 559 1792 ἔσεσθαι
570 1724 681 1810 ἄνδρα.
701 1722 728 1811 ¹)
752 1723 941 1808 Imperitnm
960 1725 1029 1790 ficri
1048 1725 1159 1813 legum
1178 1732 1211 1792 et
1229 1727 1404 1804 rationum,
1424 1727 1546 1811 quibus

422 1850 576 1914 utendum
599 1849 697 1915 sitin
720 1848 864 1914 coetibus
887 1848 1024 1932 publicis
1047 1851 1254 1935 privatisque,
1277 1850 1458 1914 studiorum
1482 1850 1545 1915 ho·

423 1972 545 2039 minum
568 1996 756 2058 morumque
778 1995 909 2057 prorsus
932 1974 1091 2059 ignarum.
1116 1975 1227 2040 Talem
1250 1975 1352 2061 igitur
1377 1973 1491 2051 virum,
1515 1975 1546 2039 si

423 2098 509 2184 qnod
540 2099 707 2187 negotium
737 2099 912 2186 gerendum
937 2101 1127 2185 susceperit,
1151 2122 1215 2164 non
1239 2099 1345 2163 minus
1369 2097 1544 2163 ridiculum

422 2226 501 2301 fore,
525 2246 620 2310 quam
645 2225 700 2309 qui
723 2217 936 2289 fontenetum
959 2224 1102 2290 civilium
1125 2225 1247 2309 peritus
1270 2221 1541 2307 philosophorum

423 2348 657 2434 disputationes
669 2327 825 2435 attigerit.
850 2339 964 2434 ltaque
987 2352 1182 2436 φιλοσοφίας
1204 2348 1277 2433 μὲν,
1294 2345 1370 2413 ὅσον
1385 2350 1542 2421 παιδείας

423 2471 519 2560 χάριν
530 2469 629 2540 καλὸν
640 2482 800 2559 μετέχειν,
812 2476 867 2540 καὶ
879 2469 937 2540 οὐκ
946 2469 1081 2562 αἰσχρὸν
1087 2480 1244 2561 μειρακίῳ
1253 2472 1323 2538 ὄντι
1334 2473 1541 2558 φιλοσοφεῖν.

424 2592 561 2664 ἐπειδᾶν
584 2593 616 2665 δ’
640 2599 698 2688 ἤδη
721 2599 940 2686 πρεσβύτερος
962 2597 1011 2664 ἔτι
1034 2601 1214 2688 φιλοσοφῇ,
1238 2599 1490 2680 καταγέλαστοι.
1514 2599 1543 2684 ²)

424 2723 527 2788 Immo
551 2722 624 2788 talis
647 2722 698 2789 vel
720 2724 831 2810 flagris
853 2723 986 2809 dignum
1009 2722 1119 2801 videri,
1142 2723 1297 2811 ignavum
1320 2721 1405 2787 enim
1434 2725 1468 2786 et
1491 2722 1545 2786 in·

425 2841 526 2913 artem
550 2853 582 2914 et
604 2849 699 2932 plane
723 2849 884 2936 ἄνανδρον
906 2849 1012 2912 forum
1032 2853 1065 2914 et
1084 2847 1195 2915 urbem
1212 2847 1367 2913 devitarc:
1387 2844 1470 2910 nihil
1482 2867 1546 2910 nn·

425 2994 523 3056 quam
534 2964 667 3039 liberale
679 2977 712 3039 ct
723 2961 876 3061 magnum
888 2976 1041 3058 proferre.
1054 2973 1175 3039 Eodem
1188 2993 1266 3058 ergo
1278 2970 1371 3035 modo
1388 2970 1544 3035 adversus

426 3094 589 3162 Socratem
601 3097 741 3163 afficitur
753 3097 900 3164 Callicles
914 3093 1020 3186 »ὅπερ
1034 3091 1050 3164 ὁ
1063 3103 1174 3186 Ζῆθος
1186 3090 1269 3185 πρὸς
1280 3090 1338 3162 τὸν
1348 3089 1513 3181 Ἀμφίονα
1528 3089 1546 3159 ὁ

427 3203 608 3309 Εὐριπίδου
622 3219 649 3309 ³)
673 3221 785 3309 (vides
798 3223 853 3307 qui
865 3226 986 3288 factum
1000 3206 1055 3301 siti
1070 3227 1107 3287 ut
1118 3223 1228 3290 Cicero
1240 3243 1368 3306 quoquc
1380 3220 1418 3284 dc
1431 3219 1545 3297 Zetho,

425 3344 482 3410 illo
516 3346 644 3431 quidem
680 3347 903 3413 ›Pacuviano”
938 3348 1121 3435 cogitaret).
1152 3386 1195 3397 -
1226 3344 1301 3412 Ideo
1337 3343 1546 3410 vehementer

426 3445 588 3536 Socratem
597 3493 616 3534 a
624 3471 722 3536 nimio
735 3471 957 3558 philosophiae
969 3473 1075 3539 studio
1087 3474 1227 3549 revocat,
1239 3493 1280 3535 no
1291 3467 1451 3554 vertigine
1464 3489 1544 3552 cap·

426 3599 489 3672 tus,
512 3595 539 3659 si
550 3595 634 3661 forte
657 3603 830 3675 accusetur,
850 3599 918 3682 jam
942 3619 1007 3663 non
1029 3598 1148 3663 habeat
1160 3619 1223 3682 quo
1237 3595 1353 3680 capitis
1364 3593 1545 3678 periculum

426 3717 502 3786 ase
524 3726 640 3789 arceat.
846 3713 848 3718 ’

469 3846 544 3912 Jam
567 3868 762 3932 consequens
786 3853 844 3924 cst,
819 3851 908 3912 tut
931 3847 1119 3925 recolamus,
1142 3867 1224 3929 quae
1248 3845 1317 3909 Ant
1318 3842 1410 3908 onius
1433 3839 1544 3928 paullo

426 3971 501 4039 ante
544 3971 734 4090 exposuem't.
777 3972 886 4038 Primo
921 3971 1071 4058 quidem,
1105 3974 1178 4056 post
1219 3968 1378 4033 infinitam
1424 3965 1543 4031 dochi-

425 4175 586 4186 ———

462 4314 537 4377 on.
557 4313 657 4368 calc.

462 4401 540 4467 s.>n
560 4401 662 4455 ιειι.

462 4489 536 4553 ιιι).
557 4489 656 4544 casn
674 4505 785 4559 ιιι.-
751 4487 844 4543 -oo
868 4487 913 4543 or.
933 4485 952 4542 1.
972 4489 1015 4556 81,
1033 4472 1096 4556 ιἰι,
1113 4489 1174 4556 nso
