3406 5496
690 637 729 719 11

151 865 288 934 referam
312 866 504 945 litterarum,
524 867 608 952 quod
633 869 776 955 proiecto
792 867 924 947 faciam,
949 865 976 932 si
999 863 1079 930 milri
1102 887 1159 949 per
1184 863 1269 950 ejus·

149 991 221 1058 dem
243 993 416 1058 amicitiam
435 993 577 1058 licebit.’'
593 995 617 1081 ¹)
640 993 745 1058 Licuit
769 997 875 1058 autem
888 1016 945 1078 per
962 991 1160 1076 Pompejum.
1185 989 1267 1056 Sane

148 1118 274 1184 Pisonis
298 1119 497 1195 calumniae,
520 1117 646 1184 Caninii
668 1117 753 1182 Galli
776 1139 890 1194 causa,
913 1118 982 1182 ludi
1004 1117 1141 1201 denique
1172 1116 1267 1180 Pom·

149 1243 255 1327 pejani
280 1265 318 1309 ac
342 1242 471 1309 Milonis
495 1243 625 1328 nuptiae
659 1265 732 1308 eum
766 1242 912 1327 quamvis
936 1242 1073 1307 invitum
1096 1240 1266 1326 aliquoties

149 1368 189 1432 ad
211 1390 328 1453 paucos
361 1368 427 1433 dies
454 1367 591 1434 Romam
614 1371 803 1433 evocarunt:
827 1366 987 1450 reliquum
1021 1367 1098 1431 anni
1128 1369 1266 1450 tempus,

140 1483 186 1557 'ut
210 1492 362 1576 epistolae
391 1493 590 1578 significant,
617 1491 744 1569 Cumis,
769 1491 921 1570 Puteolis,
947 1490 1078 1555 Tusculi
1109 1490 1266 1576 transegit

148 1621 207 1682 »ut
230 1616 372 1682 desertus
395 1641 414 1682 a
436 1616 549 1682 ceteris
572 1615 840 1681 oblectationibus
856 1620 888 1681 et
900 1615 1120 1699 voluptatibus
1133 1618 1264 1699 propter

146 1762 213 1804 rem
229 1740 401 1826 publicam,
416 1741 462 1805 ita
475 1741 591 1805 litteris
599 1744 797 1806 sustentatus
809 1744 841 1805 et
856 1740 1036 1804 recreatus’'
1051 1737 1075 1824 ²)
1088 1737 1197 1822 Atque
1206 1738 1266 1802 hec

147 1865 214 1930 otio
229 1865 304 1930 dum
313 1865 489 1943 fruebatur,
498 1865 636 1950 primum
656 1865 853 1930 immortales
869 1863 942 1928 illos
954 1863 1053 1928 libros
1067 1863 1264 1927 conscribere

146 1990 261 2073 eoepit,
284 1990 400 2074 quibus
423 1990 577 2075 quidquid
588 1990 775 2055 eruditionis
796 1989 1021 2073 doctrinaeque
1034 1987 1173 2053 habebat
1189 2009 1264 2071 pos-

146 2113 270 2178 teritati
294 2114 464 2181 mandavit.
489 2113 573 2179 Nam
596 2115 622 2178 si
647 2114 892 2179 commentarios
917 2111 1264 2178 »deinventione”ex·

145 2237 301 2321 cipimus,
324 2240 402 2323 qui,
425 2262 498 2304 cum
522 2238 760 2304 adolescentulo
783 2237 833 2302 illi
854 2237 1006 2303 inchoata
1034 2259 1071 2302 ac
1095 2237 1186 2302 rudia
1210 2259 1264 2300 ex-

145 2362 296 2441 ciderint,
320 2363 353 2427 in
377 2364 438 2428 hac
460 2365 539 2430 serie
564 2363 726 2429 numerari
749 2386 814 2428 non
839 2362 977 2440 debent,
1000 2361 1208 2445 »Disputatio
1227 2383 1264 2426 ac

143 2485 301 2574 Dialogus
329 2489 366 2553 de
389 2487 545 2554 Oratore’'
571 2487 598 2569 ⁸)
620 2511 684 2554 non
707 2488 801 2553 modo
824 2485 1020 2571 praestantia
1046 2485 1208 2552 doctrinae
1232 2488 1264 2549 et

143 2610 305 2698 elegantia
327 2613 483 2709 sermonis
514 2615 568 2679 sed
599 2613 695 2679 etiam
727 2610 879 2696 temporis
903 2610 1028 2675 ratione
1050 2609 1190 2694 primum
1213 2608 1262 2673 lo·

143 2757 215 2800 cum
240 2735 267 2823 ⁴)
298 2736 422 2802 obtinet
450 2737 484 2802 in
511 2739 591 2803 serie
628 2737 757 2802 illorum
791 2736 968 2813 librorum,
1001 2757 1081 2819 quos
1119 2756 1264 2799 summus

142 2859 360 2925 Romanorum
392 2865 501 2926 orator
530 2865 695 2946 tamquam
730 2861 831 2926 laetos
857 2858 980 2944 ingenii
1014 2859 1136 2924 fructus
1175 2881 1262 2923 com·

141 2983 229 3049 muni
253 2984 386 3050 utilitati
405 2987 532 3052 dicavit.
557 2987 637 3052 Mihi
657 2987 782 3071 quidem
800 2989 886 3051 certe
899 2983 1080 3068 scriptionis
1092 2982 1260 3048 consilium

139 3109 302 3175 verissime
324 3111 364 3174 iis
389 3111 492 3176 verbis
516 3111 691 3198 significari
714 3111 850 3189 videtur,
863 3131 944 3194 quae
964 3108 1067 3173 multo
1090 3111 1201 3192 postca
1224 3109 1257 3172 in

139 3233 297 3319 principio
321 3231 363 3298 lli
385 3235 423 3301 dc
448 3235 651 3301 Divinatione
673 3235 749 3300 libri
764 3235 854 3300 dixit.
880 3234 929 3299 lbi
952 3233 1052 3311 enim,
1076 3255 1174 3318 quum
1187 3233 1257 3316 jam

140 3447 300 3456 ——.

175 3586 201 3656 i)
220 3589 282 3642 fam.
301 3591 319 3643 i.
339 3590 358 3643 l.
378 3608 421 3660 ep.
441 3591 458 3644 8
481 3590 532 3658 ξ3.

174 3679 202 3742 2)
221 3679 256 3730 ad
274 3678 328 3731 Att.
347 3676 391 3732 lV.
411 3682 452 3734 40.
472 3681 505 3734 cf.
522 3681 557 3734 ib.
577 3683 620 3747 13,
639 3681 702 3734 fam.
722 3679 779 3736 Vll.
801 3684 826 3735 i.

174 3765 201 3832 3)
220 3767 254 3820 ad
273 3768 335 3821 iam.
355 3769 372 3822 l.
392 3768 412 3821 l.
431 3787 473 3838 ep.
493 3771 518 3822 9.
540 3769 555 3837 ᾗ
575 3771 618 3822 23.

174 3858 202 3919 l)
219 3854 329 3909 Constat
341 3859 412 3932 enim
426 3876 461 3911 ax
479 3860 606 3927 epistolis,
625 3877 692 3928 quas
708 3862 767 3929 jam
786 3875 871 3930 supra
889 3863 1036 3927 attulimus,
1047 3861 1129 3913 libros
1148 3860 1181 3912 de
1192 3857 1259 3910 Ora·

136 3946 192 3996 tore
205 3945 317 4014 scriptos
335 3963 393 3998 esse
412 3945 507 4000 Crasso
526 3952 553 4000 et
569 3947 698 4016 Pompejc
718 3949 741 4002 ll
762 3949 815 4004 cte.
829 3979 862 3987 -
883 3949 959 4013 Quod
978 3952 1077 4019 siquis
1099 3951 1167 4002 scire
1184 3948 1258 4016 cupit

136 4048 189 4100 quo
207 4050 298 4087 mense
320 4035 419 4088 fuerint
437 4036 564 4088 absoluti:
583 4039 708 4106 inspiciat
729 4040 764 4091 ad
784 4040 835 4092 Att.
856 4039 936 4093 1.1V.
957 4043 990 4092 13
1019 4041 1059 4104 (a0
1074 4042 1109 4090 55
1127 4055 1144 4091 a
1164 4035 1192 4090 Ο.
1214 4037 1252 4100 n)

138 4121 210 4175 »Nos
228 4124 255 4175 in
283 4123 465 4178 Tusculanum
485 4127 588 4179 venisse
605 4144 629 4178 a.
647 4127 672 4180 d.
691 4128 764 4181 XVll
784 4128 843 4182 Kal.
864 4129 926 4182 Dec.
950 4129 1027 4182 video
1054 4132 1080 4180 te
1106 4128 1174 4179 seire
1186 4161 1258 4178 .....

135 4208 237 4264 Romae
255 4229 279 4265 a.
299 4213 325 4266 d.
345 4212 406 4266 Xlll
433 4213 569 4268 Kalendas
592 4217 714 4269 volumus
737 4234 804 4270 esse.
832 4217 902 4281 Quid
924 4219 984 4272 dico
1002 4219 1144 4271 volumus?
1176 4212 1258 4267 immo

135 4315 199 4353 vero
217 4301 346 4370 cogimur.
377 4301 484 4355 Milonis
503 4305 627 4372 nuptiae,
646 4307 813 4359 comitiorum
831 4308 961 4359 nonnulla
980 4307 1070 4375 opinio
1088 4309 1128 4358 est
1134 4343 1197 4358 .....
1216 4302 1256 4356 De

134 4387 210 4441 libris
227 4391 349 4443 oratoriis
366 4391 466 4444 factum
486 4396 527 4446 est
544 4410 561 4448 a
579 4409 622 4447 me
641 4394 790 4464 diligenter.
819 4395 871 4450 Diu
890 4397 1056 4467 multumque
1083 4395 1112 4447 in
1134 4391 1258 4446 manibus

133 4477 255 4546 fuerunt3
274 4478 410 4534 describas
427 4479 514 4535 licet.''
