3406 5496
701 671 720 740 5

150 888 339 973 persuadere
362 890 495 954 conatus
519 891 577 966 est,
597 927 638 936 -
658 887 689 952 id
710 887 795 953 enim
811 887 948 954 alterum
965 892 1014 954 est
1030 888 1115 973 quod
1131 889 1268 955 acerbis-

151 1013 230 1077 sime
243 1014 445 1098 vituperant,
466 1052 506 1062 -
531 1035 634 1096 neque
656 1035 715 1077 nos
739 1035 815 1078 sane
831 1013 909 1078 haec
929 1017 985 1078 aut
1005 1036 1123 1099 negare
1139 1016 1195 1078 aut
1214 1015 1269 1078 de·
1341 1044 1343 1049 ·

150 1138 279 1202 fendere
291 1137 448 1202 volumus
469 1138 607 1222 Oportet
625 1141 733 1202 tamen
753 1137 947 1202 meminisse:
961 1137 1146 1203 Ciceronem
1165 1159 1269 1221 neque

151 1262 326 1327 amicorum
361 1261 511 1347 periculis
546 1283 698 1345 umquam
732 1262 890 1340 defuisse,
926 1283 985 1326 nec
1020 1285 1172 1346 nmquam
1208 1263 1268 1327 etsi

151 1407 222 1450 reos
245 1386 431 1451 manifestos
453 1385 626 1470 aliquando
651 1385 754 1472 magis
777 1407 873 1469 quam
899 1407 1037 1470 aequum
1067 1390 1136 1452 erat
1162 1387 1269 1452 defen-

152 1510 217 1587 dit,
241 1510 281 1574 ad
304 1510 475 1594 perniciem
498 1508 635 1573 insontis
665 1508 849 1592 eloquentia
885 1531 953 1573 esse
976 1510 1121 1574 abusum.
1160 1509 1268 1594 Atque

151 1632 232 1699 illud
258 1631 385 1717 quidem
407 1633 503 1718 plane
525 1634 719 1699 assentimur
737 1633 781 1698 cl⁰
802 1633 957 1708 Karsten,
980 1634 1064 1717 quod
1087 1655 1190 1717 nuper
1213 1634 1268 1698 ‹le-

153 1758 345 1822 monstravit
367 1758 400 1823 in
423 1758 561 1843 quodam
584 1757 693 1822 libello
712 1757 755 1844 ¹):
788 1758 933 1822 veritatis
956 1758 1190 1841 aequitatisque
1212 1758 1268 1822 ‹le-

153 1882 266 1959 fectus,
291 1904 371 1967 quos
391 1883 464 1966 jure
486 1882 601 1947 merito
624 1883 658 1946 iu
681 1881 841 1947 Ciceronis
854 1880 1051 1946 orationibus
1075 1881 1268 1964 vituperent,

152 2027 217 2068 non
240 2005 349 2088 potius
371 1999 432 2089 ipsi
460 2027 558 2088 quam
581 2006 742 2070 communi
765 2005 896 2070 illorum
921 2009 1101 2088 temporum
1127 2006 1269 2088 opinioni

152 2127 191 2193 de
214 2131 424 2212 patronorum
446 2128 558 2192 officiis
579 2129 764 2194 tribuendos
784 2152 860 2194 esse.
886 2130 970 2195 Satis
987 2129 1121 2193 enimin
1140 2129 1269 2194 laudata

152 2249 368 2334 disputatione
392 2251 550 2328 ostendit,
574 2253 659 2336 apud
688 2256 810 2318 veteres
838 2252 889 2317 vel
922 2253 1079 2336 optimum
1109 2275 1269 2339 quemque

152 2378 311 2439 oratorem
336 2375 479 2458 artisque
502 2375 626 2440 dicendi
650 2377 840 2461 magistrum
856 2377 889 2440 in
910 2376 1267 2442 haasententiafuisse:

153 2497 257 2562 >nihil
276 2520 334 2582 pro
352 2497 466 2564 cliente
484 2520 547 2564 non
563 2499 691 2564 licere.”
716 2500 807 2576 Quod
827 2522 903 2564 sane
927 2501 1060 2566 meliora
1076 2501 1145 2585 jam
1165 2502 1267 2567 edoct'

153 2643 263 2686 omnes
293 2621 574 2706 perhorrescimus.
607 2623 807 2713 Quamquam
838 2647 903 2690 non
933 2625 1004 2689 ideo
1035 2646 1162 2689 ornnem
1185 2625 1269 2688 anti-

153 2766 289 2829 quorum
303 2745 427 2810 (licendi
446 2750 549 2811 artem
562 2748 669 2831 sperni
689 2748 795 2813 velim.
820 2749 932 2814 Placet
948 2751 1092 2833 profecto
1104 2750 1269 2834 illaquam

151 2869 275 2952 profert
297 2869 345 2933 vir
373 2868 574 2935 doctissimus
603 2873 762 2937 sententia
792 2872 982 2948 Quintiliani
1008 2875 1051 2961 ²):
1083 2875 1110 2939 si
1141 2875 1268 2958 quando

149 2993 271 3077 judices
303 3015 412 3058 omues
436 2999 542 3059 essent
565 3017 637 3061 vere
673 2998 849 3081 sapientes,
874 2998 977 3063 multa
1000 3020 1017 3063 e
1040 2998 1268 3063 Demosthenis

151 3116 313 3201 Tulliique
338 3119 537 3184 orationibus
553 3120 695 3199 delenda,
719 3144 776 3187 nec
799 3124 921 3188 animos
945 3123 1187 3189 commovendos
1211 3145 1270 3188 nea

151 3263 242 3306 aures
265 3241 526 3326 permulcendas3
557 3245 634 3309 satis
655 3247 800 3310 futurum
824 3269 912 3322 esse,
927 3247 973 3311 .-id
1004 3248 1042 3312 de
1071 3270 1136 3330 quo
1160 3249 1269 3333 agitur

150 3367 315 3450 perspicue
339 3389 498 3445 enarrare,
522 3372 555 3433 et
578 3371 782 3454 probationes
805 3372 837 3435 in
862 3375 1031 3456 utramque
1051 3375 1175 3454 partem
1191 3371 1269 3435 sirn-

150 3490 225 3574 plici
249 3513 393 3557 sermone
417 3514 583 3580 exponere.
617 3493 664 3560 At
695 3518 852 3580 nusquam
882 3496 995 3580 opinor
1024 3494 1089 3558 tale
1112 3494 1269 3579 judicium

150 3618 218 3678 tam
241 3615 379 3698 perfecte
404 3616 595 3700 sapientium
615 3617 699 3682 inter
718 3619 863 3683 homines
879 3619 1047 3703 reperitur.
1068 3618 1173 3706 Igitur
1196 3643 1268 3684 cum

150 3743 283 3832 praestet·
305 3739 412 3824 plures
435 3745 543 3806 sontes
566 3743 605 3807 de
628 3766 764 3827 quorum
787 3743 883 3828 culpa
905 3767 970 3809 non
1002 3743 1183 3808 eonstiterit
1211 3745 1268 3808 ab·

150 3860 273 3927 solutos
296 3863 407 3941 abire,
430 3886 527 3949 quem
552 3865 602 3930 vel
625 3889 724 3930 unum
747 3867 948 3932 innocentem
969 3868 1185 3933 condemnari:
1210 3890 1267 3933 suo

155 4079 314 4087 ———

195 4232 222 4300 1)
247 4232 402 4303 Versleg&
421 4235 524 4290 Moded.
544 4238 569 4290 d.
589 4237 622 4291 K.
642 4239 693 4292 Ak.
713 4255 736 4292 V.
758 4239 838 4293 WW.
860 4242 930 4292 1895
948 4259 974 4309 p.
994 4244 1047 4293 214
1071 4258 1120 4294 ss:
1151 4241 1204 4295 »De
1223 4243 1269 4298 be·
1364 4293 1365 4298 ,

149 4322 303 4392 denkelijlre
321 4325 422 4378 moraal
439 4343 490 4378 van
504 4324 619 4380 Cicero's
633 4328 815 4395 pleitredenen
828 4346 861 4382 an
875 4346 926 4382 van
940 4330 973 4382 de
986 4331 1122 4383 klassieke
1135 4332 1269 4385 rhetorica

150 4411 179 4464 in
197 4412 243 4465 het
261 4413 428 4482 algemeen.’'

195 4499 258 4567 e)1.
278 4517 301 4556 o.
320 4519 382 4571 pag.
401 4503 462 4554 233.
