3432 5498
992 659 1035 730 54

456 875 605 954 neudum,
630 897 669 941 ne
692 873 915 962 philosophiae
950 877 1056 942 studia
1090 877 1292 944 diuturniora
1327 902 1436 946 omncs
1472 882 1572 948 animi

456 1002 538 1066 vires
551 1001 769 1078 absumereut3
783 1002 1029 1086 probabiliorem
1043 1004 1179 1088 deniquo
1190 1003 1290 1091 vulgo
1302 1028 1478 1072 sermonem
1493 1030 1574 1082 esse,

455 1128 512 1211 qui
534 1126 657 1193 nullam
679 1127 813 1192 haberet
836 1128 954 1193 nimiae
985 1128 1174 1194 eruditionis
1208 1128 1485 1213 significationem.
1516 1132 1574 1197 Sa·

458 1252 655 1336 pientissima
682 1275 758 1317 sane
792 1256 825 1317 et
857 1241 1020 1337 praeclara
1055 1254 1193 1330 monita,
1219 1274 1316 1336 quae,
1342 1276 1441 1337 quum
1475 1259 1574 1322 etiam

456 1377 601 1443 Ciceroni
625 1399 688 1442 nou
701 1378 831 1461 probari
853 1400 916 1443 non
941 1378 1081 1462 possint,
1105 1377 1272 1442 manifeste
1296 1379 1470 1445 ostendunt
1484 1381 1575 1447 Cice·

455 1525 565 1568 ronem
578 1525 641 1567 uon
655 1503 756 1589 magis
780 1502 885 1567 Crassi
909 1525 1005 1587 quam
1029 1501 1165 1567 Antonii
1177 1501 1387 1581 sermonibus,
1399 1501 1482 1588 'quid
1506 1505 1574 1590 ipse

456 1627 596 1704 sentiret,
611 1627 702 1691 nobie
725 1627 883 1711 explicare
907 1628 1054 1692 voluisse.

500 1751 613 1828 Nemo,
639 1751 699 1816 nisi
722 1751 827 1830 fallor,
852 1752 1036 1836 opinabitur
1059 1750 1177 1816 multas
1210 1751 1284 1815 illas
1319 1756 1405 1817 artes
1440 1757 1473 1818 et
1509 1755 1575 1819 dis-

456 1875 589 1959 ciplinas
613 1897 676 1939 non
701 1875 874 1941 rectissime
896 1876 927 1940 in
953 1877 1089 1941 oratoris
1112 1875 1303 1960 supellectili
1338 1899 1405 1941 esse
1436 1879 1574 1962 positam

456 2001 510 2064 sed
533 2021 615 2083 quae
638 1999 670 2063 in
696 2001 792 2064 tertio
823 2000 1025 2084 potissimum
1056 1999 1139 2064 libro
1174 1999 1258 2064 inter
1291 2000 1508 2084 eloquentiam
1544 2007 1574 2068 et

456 2129 576 2189 ceteras
599 2124 760 2189 doctrinas
784 2124 937 2188 statuitur
960 2125 1169 2203 necessitudo,
1187 2145 1380 2209 magnopere
1393 2147 1513 2203 vereor,
1540 2131 1576 2190 ut

457 2249 605 2314 omnibus
628 2249 790 2332 probetur.
815 2247 896 2312 Vult
912 2250 996 2313 enim
1009 2248 1234 2333 eloquentiam,
1253 2271 1350 2333 quam
1362 2249 1417 2313 alii
1435 2251 1475 2314 ab
1487 2252 1576 2315 omui

459 2374 621 2460 elegantia
656 2373 819 2438 doctrinae
854 2380 1041 2459 segregent,
1079 2373 1168 2438 velut
1208 2373 1351 2437 omnium
1387 2375 1507 2439 artium
1544 2379 1576 2440 et

458 2497 699 2583 disciplinarum
735 2497 880 2584 reginam
914 2496 1082 2572 celebrari;
1106 2496 1182 2562 huic
1205 2501 1326 2562 ceteras
1350 2520 1460 2563 omnes
1483 2498 1577 2583 quasi

461 2622 726 2688 »ministratrices
738 2625 770 2687 et
782 2622 933 2686 comites'’
955 2621 1069 2696 tribni;
1091 2620 1281 2704 sapientiam
1300 2626 1408 2686 autem
1430 2644 1576 2698 omnem,

460 2770 541 2832 quae
564 2769 628 2812 uon
651 2747 769 2812 habeat
792 2746 1006 2831 eloquentiam
1031 2744 1092 2808 sibi
1104 2744 1307 2828 conjunctam
1320 2767 1464 2810 mancam
1478 2749 1577 2831 atque

459 2873 680 2956 imperfectam
722 2894 798 2937 esse.
834 2869 914 2936 Cum
938 2871 1022 2935 enim
1042 2868 1138 2934 multi
1173 2868 1238 2933 sint
1272 2868 1333 2934 hao
1367 2873 1488 2946 aetate,
1523 2870 1578 2954 qui

459 3018 572 3080 parum
597 2994 726 3060 solliciti
749 2995 787 3060 de
812 2995 967 3059 sermonis
990 2994 1153 3080 elegantia
1175 2993 1257 3057 nihil
1283 2993 1387 3079 magis
1406 2980 1579 3059 aestiment

458 3124 514 3184 aut
538 3124 709 3204 procurent
741 3141 837 3204 quam
872 3119 1089 3183 doctrinarum
1121 3117 1334 3181 humanarum
1367 3122 1577 3204 augmentum

457 3248 664 3327 perpetuum3
689 3243 743 3328 qui
756 3243 850 3307 laude
872 3242 1092 3328 dignissimam
1112 3243 1262 3304 censeant
1281 3240 1381 3304 vitam
1398 3241 1495 3318 illius,
1520 3243 1577 3326 qui

457 3373 559 3433 totam
582 3372 719 3433 aetatem
743 3371 921 3444 consumat,
945 3370 982 3431 ut
1006 3387 1062 3450 per
1086 3363 1312 3428 subtilissimas
1335 3364 1576 3449 inquisitiones,

455 3492 594 3576 aliquam
621 3493 767 3556 veritatis
791 3491 984 3575 particulam
1008 3511 1150 3554 summae
1173 3487 1386 3553 humanarum
1415 3488 1577 3575 cognitio·

455 3641 530 3682 num
557 3618 666 3682 addat:
693 3656 731 3665 —
757 3617 827 3680 fieri
850 3639 914 3680 non
933 3618 1051 3699 potest,
1074 3615 1150 3698 quin
1175 3612 1240 3677 illis
1252 3613 1341 3678 nefas
1364 3613 1510 3677 videatur
1526 3636 1577 3677 sa·

458 3743 612 3828 pientiam
639 3764 763 3806 omnem
788 3742 901 3825 subjici
925 3739 1136 3823 eloquentiae.
1161 3738 1234 3803 Jam
1251 3737 1337 3802 hisoe
1349 3737 1452 3824 igitur
1463 3741 1577 3802 auctor

453 3890 535 3945 sum,
558 3870 607 3944 ut,
632 3871 802 3950 antequam
827 3865 1011 3930 Ciceronem
1034 3863 1260 3939 condemnent,
1292 3862 1438 3946 paullum
1462 3862 1573 3926 nobis-

452 4015 524 4057 cum
547 3992 758 4069 considerent,
782 3990 886 4074 qualis
909 3988 1008 4053 fuerit
1031 3986 1166 4053 oratoris
1189 3986 1309 4070 species
1328 3986 1361 4050 in
1385 3986 1573 4069 ejusmento

452 4140 610 4202 expressa.

495 4240 585 4305 Nihil
609 4240 713 4304 estin
738 4238 803 4303 ullo
827 4260 943 4324 genere
969 4257 1177 4320 rerum,quas
1200 4237 1257 4298 aut
1280 4232 1381 4298 oculis
1405 4237 1462 4298 aut
1478 4233 1569 4298 auri·

449 4367 509 4430 bus
532 4363 741 4449 percipimus,
766 4369 833 4427 tam
856 4361 1026 4445 pulchrum
1054 4363 1150 4444 atque
1181 4359 1374 4442 perfectum,
1406 4379 1470 4442 quo
1494 4356 1569 4440 pul·

448 4489 574 4558 ohriora
597 4487 740 4578 cogitare
752 4508 815 4550 non
833 4485 1000 4574 possimus.
1021 4484 1069 4552 Ea
1085 4488 1134 4550 est
1149 4483 1234 4550 enim
1246 4482 1294 4549 ris
1306 4483 1465 4550 humanae
1477 4503 1569 4548 men-
