3432 5498
977 610 1018 678 56

438 825 625 914 magnificos
648 826 687 893 de
709 847 785 894 vera
806 824 943 893 oratoris
974 824 1129 892 facultate
1164 823 1325 892 Antonius
1361 823 1563 912 Crassusque

437 952 684 1038 praedicarunt?
707 951 788 1027 Cum
811 973 862 1016 res
884 972 1055 1034 rerumque
1077 972 1189 1016 causas
1213 951 1482 1035 optimenoverit,
1500 973 1562 1034 op-

441 1075 521 1140 tima
543 1096 689 1159 quaeque
713 1078 746 1139 et
768 1073 940 1139 utilissima
962 1074 1097 1140 dilucide
1120 1074 1260 1152 docebit,
1291 1076 1472 1141 firmissime
1504 1075 1562 1139 de-

409 1259 411 1264 .
438 1199 649 1274 monstrabit;
673 1221 745 1263 cum
768 1199 812 1264 sit
834 1197 883 1263 vir
906 1196 1008 1262 bonus
1031 1201 1129 1282 atque
1159 1199 1234 1264 talis
1269 1201 1416 1278 omuino,
1453 1199 1561 1284 qualis

439 1322 538 1387 rideri
561 1323 688 1408 cupiat,
712 1321 807 1387 facile
829 1323 971 1388 omnium
995 1323 1119 1387 animos
1142 1323 1332 1402 delectabit,
1356 1323 1560 1399 conciliabit,

438 1446 561 1531 sibique
584 1447 756 1528 devinciet;
779 1468 850 1511 cum
875 1446 982 1511 omnia
1004 1446 1208 1512 voluntatum
1233 1453 1396 1513 momenta
1417 1447 1560 1532 perdidi·

438 1569 529 1648 uerit,
541 1575 673 1637 cunctos
685 1571 724 1635 ad
736 1593 899 1637 assensum
911 1570 1118 1655 permovebit.
1130 1571 1151 1637 J
1153 1595 1204 1636 am
1217 1573 1299 1656 quis,
1312 1594 1440 1657 quaeso,
1453 1574 1562 1658 aptior

439 1695 615 1782 excogitari
638 1699 766 1779 potest,
788 1695 844 1780 qui
866 1695 986 1780 praesit
1017 1695 1201 1761 hominibus
1231 1697 1334 1780 iisque
1368 1697 1573 1782 persuadeat

439 1823 476 1883 ut
500 1818 643 1884 civitates
667 1820 822 1896 condant,
846 1822 1051 1895 conservent,
1075 1819 1222 1885 excolant
1251 1820 1394 1907 legibus,
1427 1825 1463 1885 ut
1493 1820 1561 1886 vir-

440 1946 526 2008 tutes
549 1947 727 2022 sectentur,
751 1944 880 2030 lugiaut
910 1944 1008 2020 vitia,
1042 1943 1179 2028 puniant
1215 1944 1395 2028 improbos,
1430 1946 1562 2010 servent

440 2067 565 2131 bonos?

485 2190 573 2255 Haec
595 2189 729 2274 perfecti
752 2190 888 2256 oratoris
911 2191 1031 2273 species
1053 2192 1087 2257 in
1111 2191 1272 2258 Ciceronis
1303 2197 1409 2258 mente
1439 2194 1559 2258 inside-

443 2314 508 2392 bat,
532 2337 596 2378 nou
620 2314 714 2379 modo
737 2336 809 2378 cum
834 2336 904 2378 eam
927 2319 1038 2397 postea
1058 2316 1091 2380 iu
1108 2339 1166 2382 suo
1180 2316 1357 2382 ›Oratore’‘
1369 2317 1560 2380 adumbrare

441 2441 537 2523 atque
562 2438 733 2524 depingere
757 2442 939 2515 conaretur,
964 2440 1018 2502 scd
1037 2441 1104 2523 jam
1127 2445 1208 2518 tum,
1232 2463 1305 2506 cum
1326 2440 1413 2505 hisce
1438 2460 1560 2504 sermo·

440 2560 534 2625 nibus
556 2561 640 2625 viam
664 2564 697 2626 et
726 2562 787 2626 iter
820 2562 859 2625 ad
894 2563 1067 2647 perlectam
1103 2563 1319 2649 eloquentiam
1354 2567 1559 2628 monstraret.

440 2683 542 2760 Quam
555 2685 639 2749 euim
652 2707 745 2769 saepe
763 2690 881 2764 monet,
901 2708 965 2750 uon
985 2687 1023 2751 de
1043 2691 1169 2752 oratore
1189 2689 1333 2773 quolibet
1351 2689 1406 2753 sed
1426 2688 1464 2752 de
1483 2709 1560 2772 per·

440 2809 524 2874 lecto
548 2813 673 2874 oratore
696 2832 730 2875 se
752 2832 918 2895 quaerere:
957 2816 989 2876 et
1022 2833 1094 2876 curn
1129 2812 1308 2878 Antonium
1343 2818 1375 2878 et
1409 2811 1559 2877 Crassum

439 2938 676 3024 praesagientes
698 2939 828 3016 feceret,
853 2939 922 3003 fore
945 2935 1085 3022 aliquem
1107 2935 1289 3021 aliquando,
1317 2935 1372 3019 qui
1395 2940 1559 3001 essetom-

440 3061 534 3126 nibus
557 3063 699 3127 numeris
723 3063 891 3128 absolutus
914 3065 1032 3138 orator,
1046 3083 1109 3125 non
1122 3061 1238 3154 potius,
1259 3061 1381 3145 opinor,
1394 3060 1431 3124 de
1444 3082 1477 3124 se
1489 3059 1558 3143 ipso

439 3187 611 3274 cogitavit,
637 3210 731 3271 quam
756 3187 794 3251 de
817 3209 854 3251 ea
878 3185 1013 3251 oratoris
1028 3185 1155 3261 forma,
1178 3207 1274 3269 quam
1299 3184 1395 3248 etiam
1417 3183 1451 3246 in
1477 3181 1559 3248 Ora·

438 3283 510 3376 tore
533 3312 639 3376 animo
663 3334 695 3376 se
721 3332 848 3376 cernere
871 3311 997 3395 ajebat,
1019 3310 1089 3393 ipsa
1114 3331 1148 3373 re
1172 3306 1286 3373 vidisse
1318 3307 1468 3391 negabat.

482 3435 572 3500 Sicut
595 3437 701 3499 autem
715 3457 789 3499 vera
801 3434 984 3519 eloquentia
996 3433 1157 3500 Ciceronis
1166 3431 1288 3519 judicio
1301 3434 1369 3495 erat
1383 3431 1461 3508 »vis
1475 3454 1557 3515 quae

438 3559 603 3624 scientiam
627 3557 792 3641 complexa
815 3579 922 3621 rerum
948 3580 1040 3622 sensa
1063 3552 1366 3623 mentisctconsilie
1383 3554 1555 3638 explicat,’'

437 3681 504 3745 sive
532 3685 569 3745 ut
591 3681 734 3764 apertius
756 3681 871 3756 etiarn,
896 3682 927 3743 in
957 3681 1188 3748 Partitionibus
1201 3679 1371 3744 Oratoriis:
1406 3678 1554 3762 »copiose

436 3804 570 3888 loquens
589 3801 783 3888 sapientia;’'
807 3804 853 3866 ita
875 3801 1113 3889 philosophiam
1136 3805 1204 3870 sine
1227 3804 1411 3889 eloquentia
1432 3803 1557 3866 mendi·

437 3949 506 3993 cam
530 3949 597 3992 esse
622 3927 759 4004 dicebat,
783 3931 815 3991 et
839 3927 1013 4010 perfectum
1036 3934 1195 3994 oratorem
1219 3951 1255 3994 eo
1268 3926 1467 4012 philosophis
1486 3949 1557 3990 orn·

436 4053 530 4118 nibus
553 4055 731 4138 praestare,
754 4053 838 4136 quod
862 4052 901 4115 ad
926 4075 1052 4117 omnem
1086 4051 1215 4116 illorum
1250 4051 1417 4116 scientiam
1452 4053 1567 4113 artem-

436 4178 566 4243 adderet
590 4199 690 4242 suam.

481 4302 532 4367 Sic
555 4302 658 4389 igitur
680 4299 887 4388 intelligitur,
901 4302 978 4386 quid
990 4301 1044 4378 sit,
1068 4322 1123 4365 cur
1137 4299 1313 4384 perfectum
1325 4295 1555 4384 philosophum

435 4450 454 4492 a
477 4426 617 4510 perfeeto
641 4431 769 4491 oratore
789 4429 855 4489 tam
877 4447 992 4510 parum
1015 4425 1134 4489 distare
1157 4428 1297 4502 censeat,
1314 4428 1351 4488 ut
1362 4423 1473 4488 iisdem
1485 4421 1556 4485 lau·
