3406 5496
690 667 708 736 7

140 883 240 956 animi
263 883 408 962 morbos,
432 882 519 949 hunc
551 883 739 969 praesertim
771 881 882 949 Cicero
917 881 1079 967 deplorat:
1111 882 1196 966 quod
1225 881 1258 945 in

140 1031 264 1074 summa
293 1009 350 1074 illa
378 1009 563 1093 opinionum
593 1008 801 1092 perversitate
836 1008 886 1072 vel
921 1008 1062 1092 optimus
1097 1006 1257 1091 quisque,

141 1155 335 1218 quamquam
364 1155 471 1197 veram
493 1133 583 1197 illam
607 1133 808 1197 honestatem
832 1135 972 1215 expetat,
1004 1130 1126 1194 nullam
1150 1133 1258 1193 tamen

141 1260 342 1322 consectetur
371 1257 563 1321 eminentem
598 1257 734 1342 effigiem
770 1255 921 1333 virtutis,
946 1255 1001 1318 sed
1034 1253 1259 1318 adumbratam

140 1381 315 1468 imaginem
341 1381 473 1468 gloriae.
501 1379 527 1468 1)
556 1380 642 1445 Vera
666 1381 751 1444 enim
777 1380 882 1466 gloria
908 1379 953 1444 sic
982 1379 1110 1466 egregie
1142 1377 1259 1442 ibidem

140 1506 354 1571 describitur:
386 1529 445 1571 »ea
469 1491 517 1570 est
547 1505 749 1570 consentiens
772 1480 844 1570 laus
869 1505 1049 1580 bonorum,
1072 1503 1259 1586 incorrupta

141 1652 202 1695 vox
215 1631 295 1694 bene
304 1630 517 1715 judicantium
531 1629 569 1695 de
582 1629 753 1694 excellenti
777 1629 908 1706 virtute,
934 1650 971 1692 ea
994 1625 1107 1691 virtuti
1131 1628 1260 1688 resonat

139 1759 305 1839 tamquam
319 1755 439 1840 imago:
460 1776 542 1838 quae
565 1753 640 1837 quia
663 1757 749 1818 recte
766 1753 924 1817 factorum
949 1750 1137 1835 plerumque
1154 1771 1259 1813 eomes

140 1883 210 1956 est,
233 1901 298 1944 non
321 1883 369 1944 est
403 1878 493 1943 bonis
521 1878 597 1942 viris
624 1877 850 1962 repudianda.''
878 1886 917 1924 —'
943 1875 1016 1940 Non
1041 1875 1125 1938 hanc
1148 1878 1258 1938 tamen

140 2004 193 2068 sed
205 2004 479 2068 adumbrationem
492 2003 561 2088 ejus
576 2002 744 2086 plerosque
752 2002 852 2084 sequi,
862 2001 958 2065 ctiam
972 1998 1081 2063 Cicero
1093 2002 1259 2081 expertus:

140 2126 223 2190 »Illa
242 2127 369 2192 autem’'
382 2127 500 2211 inquit,
526 2147 679 2210 »quaese
703 2126 772 2208 ejus
793 2124 999 2188 imitatricem
1015 2146 1082 2188 esse
1107 2121 1186 2200 vult,
1210 2125 1260 2187 te-

138 2251 275 2316 meraria
287 2255 382 2336 atque
394 2252 628 2317 inconsiderata
638 2255 670 2315 et
682 2250 868 2335 plerumque
881 2253 1082 2333 pcccatorum
1091 2248 1259 2313 vitiorum-

139 2398 202 2460 que
217 2375 388 2454 laudatrix,
412 2379 499 2442 fama
511 2375 684 2461 popularis,
709 2375 914 2440 simulatione
926 2373 1106 2439 honestatis
1123 2373 1259 2437 formam

139 2506 208 2590 ejus
223 2499 557 2585 pulchritudinemque
580 2499 789 2584 corrumpit.'’

183 2622 310 2698 Quanto
333 2624 451 2689 rectius
475 2625 528 2688 hic
551 2646 660 2689 veram
683 2622 773 2686 illam
794 2621 931 2708 gloriam
962 2646 981 2687 a
1004 2621 1152 2707 populari
1172 2621 1259 2684 fama

139 2748 304 2835 disjungit,
314 2771 411 2832 quam
421 2749 455 2812 in
467 2749 550 2814 libro
566 2749 603 2811 de
615 2747 814 2823 Inventione,
829 2746 884 2810 ubi
900 2750 1071 2829 utramque
1084 2746 1260 2822 confundit,

140 2893 213 2936 cum
235 2871 347 2936 scribit
371 2871 495 2957 »gloria
507 2875 556 2936 est
566 2872 715 2954 frequens
728 2870 765 2933 de
778 2869 888 2953 aliquo
900 2870 985 2934 fama
998 2893 1068 2936 cum
1081 2869 1207 2934 laude.”
1234 2870 1260 2954 2)

140 2996 203 3061 Illa
217 2996 302 3061 enim
314 3018 396 3080 quae
417 2997 456 3059 ad
469 2995 700 3060 beatitudinem
715 2995 854 3077 pertinet
865 2993 969 3078 gloria
984 2993 1155 3058 fallacibus
1168 2991 1260 3077 vulgi

141 3096 422 3185 acclamationibus
445 3141 509 3183 non
533 3119 731 3192 continetur;
756 3118 910 3182 sentimus
933 3117 1112 3181 animorum
1136 3119 1262 3181 nostro·

140 3269 212 3310 rum
235 3243 425 3308 desiderium
460 3243 572 3307 satiari
595 3265 659 3306 non
692 3265 783 3326 posse
812 3242 874 3305 nisi
905 3242 996 3306 nobis
1020 3240 1136 3306 conscii
1161 3239 1261 3304 simus

141 3389 268 3444 verani,
291 3389 356 3431 non
379 3365 563 3431 simulatam
587 3365 738 3430 virtutem
762 3367 795 3430 in
826 3365 918 3430 nobis
942 3364 1077 3442 laudari,
1102 3364 1196 3446 idque
1220 3363 1261 3427 ab

141 3494 180 3558 iis
203 3492 259 3576 qui
282 3491 406 3556 ebboni
429 3491 495 3555 sint
513 3494 546 3555 et
562 3493 648 3554 recte
660 3490 814 3574 judicent.
837 3489 883 3552 At
907 3511 991 3553 nuuc
1007 3489 1150 3572 profecto
1170 3507 1262 3550 sanc·

142 3617 284 3681 tissimus
307 3614 441 3699 quisque
465 3617 498 3678 et
521 3612 785 3697 sapientissimus,
809 3635 881 3677 cum
905 3611 1092 3697 cognoverit
1108 3610 1262 3674 bonorum

143 3741 238 3805 finem
262 3761 327 3802 nou
349 3738 410 3803 hac
433 3738 466 3802 in
490 3742 576 3801 terra
599 3737 813 3820 expetendum
837 3757 915 3812 esse,
931 3734 1025 3799 facile
1044 3735 1111 3816 jam
1136 3733 1261 3796 nullam

143 3864 227 3948 apud
251 3863 395 3927 homines
419 3863 555 3948 gloriam
578 3861 714 3944 quaerit.
739 3860 895 3924 Homines
918 3859 1002 3923 enim
1027 3857 1180 3922 mortales
1203 3880 1261 3941 pro

143 4011 219 4054 snae
242 3988 358 4052 mentis
381 3986 519 4072 caligine
535 3989 567 4050 et
578 4005 703 4067 semper
725 3983 795 4047 falli
818 3985 953 4067 possunt
976 3986 1008 4047 et
1033 3982 1085 4045 vix
1109 4003 1262 4064 umquam

145 4113 182 4177 de
205 4112 402 4196 praestantia
425 4109 555 4174 virtutis
578 4109 716 4193 perfecte
737 4107 901 4192 judicant,
933 4111 1031 4191 atque
1062 4103 1262 4189 agnovimus

148 4295 308 4302 ———-

182 4413 208 4483 n
227 4415 261 4468 of.
280 4412 359 4468 rust.
377 4415 395 4466 1.
415 4411 459 4479 m,
479 4414 504 4466 a

183 4503 210 4569 a)
228 4502 268 4557 oe
287 4502 343 4557 ιω.
362 4504 380 4562 ι.
399 4501 431 4556 u.
451 4503 511 4554 ree.
