3432 5498
705 633 747 704 89

151 872 242 918 nam
265 875 285 917 a
308 851 422 919 Crasso
445 853 699 919 commendatam
719 852 972 918 verendumesse
985 874 1046 917 »ne
1063 849 1287 917 abstrahamur

152 975 201 1041 ab
228 977 292 1042 hae
309 977 539 1043 exercitatione
561 982 595 1043 et
618 977 987 1044 consuetudinedioendi
1011 976 1159 1060 populari
1182 979 1214 1040 et
1236 977 1287 1041 fo·

152 1101 273 1168 rensi''
306 1141 345 1151 —
373 1102 472 1168 videri
502 1103 587 1168 enim
611 1125 789 1169 sermonem
817 1103 896 1168 adeo
920 1100 1083 1166 excultum
1109 1100 1287 1185 palaestrae
1324 1080 1325 1084 Ἰ

152 1227 270 1314 magis
285 1231 318 1292 et
342 1226 405 1293 olei
427 1250 523 1312 quam
547 1228 644 1312 hujus
667 1227 770 1294 civilis
793 1228 907 1292 turbae
930 1249 968 1292 ao
986 1225 1057 1290 fori.
1084 1224 1190 1309 Atque
1211 1225 1287 1290 data

152 1370 262 1432 opera
285 1348 522 1433 philosophiam
546 1342 756 1436 impugnans:
784 1350 918 1428 »Nobis
942 1350 1064 1435 inquit,
1088 1351 1143 1434 qui
1167 1351 1201 1414 in
1225 1350 1287 1415 hoc

152 1473 284 1557 populo
305 1474 441 1560 foroque
464 1496 640 1551 versamur,
656 1475 734 1539 satis
759 1477 807 1540 est
831 1474 929 1540 eade
953 1474 1096 1540 moribus
1118 1473 1286 1538 hominum

153 1600 192 1660 et
219 1598 300 1663 scire
324 1601 356 1663 et
379 1598 504 1677 dicere,
538 1621 621 1684 qnae
643 1621 708 1663 non
732 1599 907 1664 abhorrent
929 1599 970 1662 ab
993 1597 1159 1662 hominum
1184 1596 1285 1662 mori·

154 1720 256 1786 bus.''
280 1722 310 1786 A
338 1722 427 1808 vulgi
451 1724 536 1788 enim
560 1723 764 1809 opinionibus
787 1722 972 1809 longissime
996 1721 1114 1786 distare
1139 1720 1284 1805 philoso-

156 1844 301 1928 phorum
329 1847 522 1924 sententias;
551 1869 630 1932 quas
660 1869 724 1912 non
755 1848 872 1912 solum,
891 1846 1014 1911 Socrati
1044 1845 1098 1910 sed
1126 1845 1223 1910 etiam
1246 1842 1283 1908 P.

156 1967 287 2033 Rutilio
312 1969 396 2034 Rufo
420 1970 563 2038 »homini
586 1973 680 2037 docto
704 1977 737 2038 et
759 1972 981 2058 philosophiae
1005 1969 1143 2048 dedito','’
1169 1969 1283 2034 exitio-

158 2115 215 2157 sas
238 2093 355 2170 fuisse3
391 2094 553 2160 hominem
576 2095 660 2161 enim
684 2096 866 2161 Romanurn
889 2097 1075 2160 damnatum
1098 2116 1175 2171 esse,
1198 2093 1284 2177 quod

157 2215 195 2280 in
220 2217 352 2282 dicenda
375 2240 472 2284 cerasa
495 2224 633 2284 veterem
654 2220 745 2285 illum
760 2220 923 2285 Socratem
941 2221 1024 2284 esset
1039 2217 1201 2290 imitatus3
1226 2236 1282 2298 pro
1366 2259 1369 2268 «

159 2361 226 2422 quo
249 2340 276 2405 si
302 2339 417 2407 Crasso
439 2365 504 2416 non
527 2343 793 2431 philosophorum
818 2366 905 2410 more
924 2343 979 2408 sed
998 2340 1128 2426 proprio
1139 2339 1281 2404 licuisset

159 2464 277 2543 dicere,
299 2470 384 2531 certe
407 2469 553 2533 futurum
576 2469 684 2547 fuisse,
709 2473 745 2535 ut
767 2469 1017 2534 absolveretur..

159 2600 162 2606 '
207 2588 356 2669 Quaeres,
379 2612 435 2657 cur
452 2591 563 2658 Cicero
577 2616 633 2678 per
650 2615 818 2678 personam
837 2592 971 2658 Antonii
986 2590 1189 2656 renovaverit
1210 2589 1277 2653 fere

162 2709 346 2780 Callicleam
372 2715 642 2800 vituperationem
665 2717 753 2782 illius
776 2717 1021 2803 philosophiae,
1042 2738 1139 2801 quam
1162 2712 1277 2798 quanti

159 2836 281 2902 faceret
303 2841 711 2924 supra'conslderavimus?
734 2843 905 2920 Nimirum,
930 2842 1006 2927 quia
1027 2840 1062 2904 in
1084 2837 1149 2903 illis
1173 2835 1280 2902 crimi-

160 2961 345 3040 nationibus
368 2964 523 3048 quaedam
541 2965 629 3030 'vidit
649 2966 735 3031 haud
757 2967 865 3051 inepte
889 2966 1075 3039 observata3
1109 2985 1211 3047 neque
1241 2983 1278 3026 ea

160 3085 288 3167 quidem
312 3088 397 3171 apud
419 3088 587 3156 Platonem
610 3089 705 3173 plane
727 3112 747 3154 a
769 3090 900 3156 Socrate
924 3091 1074 3154 refutata.
1107 3088 1179 3152 Non
1205 3107 1278 3170 pro-

159 3207 321 3275 babuntur
344 3210 499 3292 Ciceroni,
524 3219 560 3278 ut
588 3215 731 3293 vidimu'S,
753 3238 790 3279 ea
808 3213 1031 3299 philosophiae
1052 3211 1169 3290 studia,
1195 3232 1276 3292 quae

159 3337 245 3399 totos
256 3335 430 3421 implerent
437 3338 560 3404 animos
569 3339 717 3423 virosque
725 3361 743 3402 a
752 3339 821 3403 loro
835 3340 964 3424 vitaque
976 3338 1105 3422 publica
1116 3338 1272 3411 arcerent,

159 3467 263 3544 'neque
286 3459 360 3524 illa'e
383 3460 647 3546 philosophorum
670 3463 870 3542 sententiae,
895 3486 976 3548 quae
1000 3487 1019 3528 a
1041 3461 1208 3528 communi·
1219 3460 1277 3524 bo-

158 3583 285 3648 'minum
308 3585 457 3669 opinione
481 3585 701 3653 abhorrerent.
729 3588 935 3673 Propositum
959 3611 1022 3653 non
1047 3593 1115 3652 erat
1134 3585 1276 3670 philoso-

158 3707 297 3792 phorum
321 3709 420 3774 vitam
444 3713 674 3791 commendare,
697 3713 751 3778 sed
770 3713 946 3797 sapientiae
965 3712 1107 3777 studium
1120 3710 1276 3792 subiicere

159 3831 369 3918 eloquentiae.

158 3979 161 3984 ’
202 3958 361 4034 Quorsum
384 3958 485 4046 igitur
503 3963 570 4025 tam
594 3960 696 4026 multa
720 3984 758 4027 ex
783 3961 927 4050 Gorgia?
957 3962 1071 4026 Dicam
1095 3961 1178 4044 quod
1203 3983 1274 4024 sen-

158 4081 213 4150 tio.
246 4080 326 4148 Cum
350 4089 493 4149 cerneret
528 4083 639 4151 Cicero
662 4087 747 4170 apud
770 4086 937 4153 Platonem
967 4087 1110 4174 »Gorgia
1138 4089 1275 4170 patrono

157 4209 319 4272 'oratorem
343 4209 546 4275 succubuisse
569 4209 795 4295 philosopho'',
818 4211 843 4298 ¹)
878 4212 924 4277 sic
945 4212 1019 4277 illos
1042 4232 1203 4276 sermones
1224 4233 1275 4276 re·

156 4378 316 4390 ———·

194 4472 219 4543 1)
237 4473 277 4530 De
296 4473 341 4530 Or.
359 4475 404 4534 111.
423 4478 483 4531 129.
