3406 5496
969 646 1011 714 28

429 859 536 932 Crassi
558 867 615 930 aut
638 862 769 929 alterius
791 861 920 928 nomine
942 861 1134 927 irivoniatur.
1165 863 1299 928 Crassus
1327 864 1360 928 et
1383 860 1548 928 Antonius

430 993 462 1054 et
484 988 581 1054 ceteri
604 1009 742 1072 quoque,
765 988 821 1073 qui
838 987 1038 1052 sermonibus
1057 987 1219 1052 intersunt
1238 987 1369 1052 omnino
1389 988 1545 1053 eruditius

430 1117 527 1196 atque
549 1112 695 1177 ornatius
718 1112 802 1176 inter
829 1132 863 1174 se
887 1109 1126 1194 colloquuntur,
1149 1132 1246 1194 quam
1270 1114 1306 1174 ut
1337 1112 1547 1196 temporibus,

429 1235 546 1323 quibus
580 1236 750 1312 florebant,
781 1229 1055 1300 accommodatum
1089 1233 1245 1299 rideatur.
1281 1235 1438 1312 Quorsum
1470 1235 1548 1302 haec

430 1360 564 1428 omnia?
588 1360 646 1438 Ut,
668 1360 696 1424 si
714 1360 783 1443 jam
807 1363 893 1424 certo
916 1362 1050 1436 constet,
1074 1359 1231 1454 genuinos
1255 1357 1389 1424 Antonii
1402 1358 1548 1424 Grassive

430 1507 591 1552 sermones
616 1507 678 1550 non
703 1506 780 1562 esse,
800 1483 856 1569 qui
879 1483 964 1548 hisce
976 1483 1068 1548 libris
1080 1483 1296 1559 continentur,
1312 1481 1547 1562 concludamus,

431 1631 535 1696 neque
553 1609 694 1674 studium
709 1631 817 1674 eorum
829 1607 966 1694 gloriam
979 1607 1151 1672 renovandi
1164 1608 1242 1672 satis
1254 1607 1401 1674 idoneam
1421 1632 1548 1676 causam

430 1734 542 1812 fuisse,
567 1755 623 1798 cnr
646 1732 756 1798 Cicero
780 1735 908 1795 tantum
932 1753 1011 1815 opus
1034 1731 1068 1795 in
1090 1754 1123 1796 se
1145 1732 1328 1816 susciperet.
1355 1733 1446 1810 Quod
1469 1736 1548 1800 scri·

431 1858 480 1924 bit
502 1856 605 1944 ign‘tur
629 1855 738 1921 Cicero
765 1854 858 1919 initio
881 1854 924 1918 Ill
946 1854 1037 1932 libri,
1063 1855 1201 1922 libenter
1224 1880 1258 1924 se
1280 1858 1391 1923 fecisse
1415 1863 1452 1923 ut
1476 1881 1547 1924 eum

430 2003 619 2057 sermonem,
642 2002 737 2064 quem
760 1978 809 2044 illi
832 1977 994 2062 quondam
1017 1979 1102 2044 inter
1125 2001 1158 2044 se
1170 1980 1369 2059 habuissent,
1383 1983 1548 2048 mandaret

431 2104 562 2183 litteriS,
587 2106 658 2170 »rel
681 2109 718 2169 ut
740 2104 798 2169 illa
821 2103 941 2188 opini0,
963 2102 1079 2186 inquit,
1104 2126 1186 2188 quae
1209 2128 1333 2190 semper
1353 2107 1465 2172 fnisset
1485 2107 1549 2172 tol·

431 2229 571 2307 leretur,
592 2229 730 2294 alterum
754 2250 818 2292 non
842 2227 1082 2306 doctissimum,
1105 2228 1242 2294 alterum
1265 2230 1360 2315 plane
1383 2232 1548 2297 indoctum

432 2353 547 2431 fuisse,
569 2351 619 2419 vel
641 2356 678 2417 ut
701 2375 738 2417 ea
761 2373 842 2436 quae
866 2351 1080 2418 existimarem
1103 2376 1122 2418 a
1145 2355 1277 2419 summis
1300 2356 1482 2421 oratoribus
1509 2356 1548 2421 de

432 2479 616 2564 eloquentia
638 2477 791 2542 divinitus
813 2498 881 2541 esse
904 2477 1011 2553 dicta,
1039 2476 1234 2541 custodirem
1258 2476 1398 2557 litteris,
1429 2479 1457 2544 si
1481 2478 1548 2544 ullo

433 2603 528 2670 modo
552 2602 678 2686 assequi
701 2600 934 2685 complectique
957 2600 1150 2684 potuissem
1177 2600 1227 2666 vel
1249 2602 1430 2668 mehercule
1453 2603 1549 2668 etiarn

433 2733 471 2793 ut
493 2727 619 2792 laudem
642 2748 750 2791 eorum
771 2725 839 2806 jam
862 2746 962 2810 prope
987 2729 1213 2805 senescentem,
1230 2731 1388 2810 quantum
1405 2747 1550 2814 egnpos·

434 2875 501 2918 sem
524 2853 565 2916 ab
588 2850 748 2916 oblivione
772 2847 938 2914 hominurn
961 2853 1059 2933 atque
1078 2872 1097 2914 a
1119 2848 1247 2914 silentio
1263 2851 1495 2928 vindicarem”;
1511 2890 1549 2901 -

434 2977 597 3042 verissime
620 2998 657 3040 eo
680 2975 750 3039 loco
773 2972 894 3057 aperit,
923 2995 1002 3058 quas
1030 2975 1071 3038 ob
1099 2996 1209 3040 causas
1233 2997 1359 3040 omnem
1382 2975 1466 3040 hanc
1488 2974 1550 3040 dis-

434 3101 634 3187 putationem
657 3097 790 3162 summis
812 3095 876 3161 illis
899 3097 1081 3163 oratoribus
1104 3099 1265 3164 tribuerit.
1300 3099 1454 3185 Magnam
1477 3121 1551 3183 pro·

434 3225 517 3306 fecto
548 3222 770 3288 auctoritatem
794 3225 827 3286 et
849 3219 950 3286 veluti
974 3222 1179 3288 sanctitatem
1202 3223 1310 3288 eximii
1332 3223 1382 3288 illi
1407 3223 1466 3288 viri
1490 3223 1551 3288 toti

434 3349 523 3436 operi
547 3346 732 3413 conciliant:
757 3344 867 3409 landes
892 3365 1034 3432 quoque,
1059 3368 1138 3430 quas
1162 3351 1195 3410 et
1218 3347 1251 3410 in
1274 3345 1417 3432 prologis
1439 3346 1549 3412 Cicero

434 3473 523 3539 etin
546 3471 746 3537 sermonibus
762 3469 824 3553 ipsi
842 3469 923 3533 alter
939 3469 977 3533 de
999 3469 1101 3534 altero
1124 3470 1320 3553 praedicant,
1347 3494 1433 3536 -ac
1457 3493 1549 3555 prae-

435 3597 545 3663 sertim
569 3617 679 3660 corum
702 3593 903 3677 eloquentiae
926 3593 1074 3678 egregrie
1090 3593 1274 3678 specimina,
1286 3616 1370 3679 quae
1381 3596 1551 3680 proferun-

435 3726 508 3799 tur,
536 3741 646 3785 revera
671 3717 848 3783 Antonium
877 3721 909 3781 et
933 3715 1081 3782 Crassum
1103 3717 1138 3781 in
1161 3722 1351 3803 perpetuum
1374 3718 1551 3785 liberarunt

436 3845 596 3912 oblivione
626 3849 723 3930 atque
746 3841 991 3907 immortalitate
1018 3841 1187 3906 donarunt.
1216 3841 1364 3908 sednon
1388 3842 1470 3907 illud
1492 3842 1551 3908 fuit

434 3970 538 4054 ipsum
564 3968 658 4052 hujus
682 3966 785 4050 operis
815 3965 972 4029 scribendi
1000 3968 1199 4050 propositum
1230 3970 1263 4031 et
1291 3967 1383 4050 quasi
1413 3965 1550 4042 σκοπός;

436 4116 501 4159 nou
531 4092 613 4158 illud
644 4091 707 4156 fuit
742 4089 830 4174 quod
856 4088 890 4152 in
917 4083 1027 4172 primis
1055 4094 1214 4172 spectaret
1245 4088 1375 4154 Cicero:
1409 4089 1496 4173 quod
1525 4088 1552 4152 si

436 4217 598 4294 voluisset,
622 4237 725 4300 neque
749 4213 910 4277 orationes
934 4216 1005 4277 tum
1027 4212 1157 4300 longas,
1181 4236 1284 4298 neque
1307 4213 1399 4277 fictas
1423 4211 1551 4277 omnino

436 4341 608 4408 effudisset.
633 4340 751 4404 Parum
775 4337 860 4402 enim
883 4337 1113 4402 commenticiis
1136 4336 1203 4402 illis
1226 4337 1438 4414 sermonibus,
1457 4375 1497 4386 -
1521 4335 1553 4401 id

437 4465 523 4552 qnod
544 4462 695 4552 aequales
718 4462 819 4530 latere
843 4482 908 4526 non
927 4461 1089 4550 potuit-
1111 4460 1235 4531 consuli
1253 4463 1360 4551 potuit
1382 4461 1553 4532 memoriae
